1988 2992
827 226 1084 262 ...37-

244 328 347 369 unde
380 326 550 368 efficitur
576 329 738 368 nemoris
763 329 969 377 lectionem
1003 328 1248 369 abiciendam
1281 331 1321 368 et
1351 328 1526 379 ineptam
1557 327 1674 367 inter-

244 397 479 448 polationem
501 396 724 436 habendam
742 410 833 437 esse.
869 397 996 436 Porro
1016 396 1109 447 quid
1128 396 1177 435 de
1195 410 1250 435 vs.
1266 398 1317 434 42
1343 395 1597 435 statuendum
1615 398 1675 435 est

374 464 376 466 ’
399 464 534 514 igneus
559 463 762 504 aethereus
788 465 868 507 iam
896 464 954 505 sol
977 464 1209 516 penetrabat
1237 464 1275 503 in
1304 476 1412 503 arces

244 531 311 571 ubi
337 531 555 572 Vossianus
583 532 726 571 lenibus
761 546 832 583 pro
869 534 1000 585 iqneus
1023 530 1216 582 praebet?
1253 545 1342 571 cum
1378 534 1471 570 utra
1505 530 1676 581 genuina

244 600 294 638 sit
320 601 468 649 pateat,
497 612 623 638 nonne
648 600 747 638 mira
774 603 833 639 est
855 600 951 639 haec
973 597 1264 650 discrepantia?
1291 597 1369 637 Sed
1392 598 1486 648 quia
1512 599 1675 638 eandem

243 679 339 717 prae
366 679 406 705 se
433 666 510 705 fert
539 671 720 707 naturam
747 666 963 707 differentia
999 668 1040 706 in
1063 681 1118 707 vs.
1147 669 1196 706 47
1227 667 1338 717 flores
1363 688 1415 694 -—
1442 667 1559 717 colles,
1595 667 1674 707 iam

243 737 348 773 certo
377 734 521 774 iudicio
548 749 603 775 vs.
635 738 706 775 161
734 735 934 775 absolvere
959 736 1052 775 licet

398 805 545 842 stratus
572 803 680 841 humi
707 803 859 842 dulcem
886 803 1064 854 capiebat
1089 802 1204 842 corde
1230 803 1400 852 quietem

243 869 311 909 ubi
339 869 556 911 Vossianus
582 870 704 910 tradit
726 883 902 922 soporem.
956 870 1143 910 Dilucida
1176 874 1235 909 est
1257 869 1546 920 depravationis
1572 869 1672 909 ratio

243 950 398 976 versum
424 937 559 987 paullo
588 938 880 977 antecedentem
907 941 983 977 158
1009 938 1230 988 respicienti

396 1006 532 1045 mitem
556 1007 731 1057 concepit
753 1005 950 1057 proiectus
977 1005 1153 1046 membra
1176 1019 1353 1058 soporem

242 1076 288 1112 ut
328 1073 376 1112 de
415 1074 749 1113 verisimilitudine
790 1087 868 1114 non
903 1075 1071 1113 multum
1107 1075 1354 1124 recedamus,
1396 1074 1428 1113 si
1468 1073 1672 1114 librarium

243 1141 364 1181 oculis
398 1141 450 1180 ad
485 1140 601 1180 finem
632 1142 737 1181 illius
762 1155 894 1182 versus
920 1143 1115 1193 relapsum
1152 1155 1234 1182 esse
1267 1145 1388 1193 atque
1414 1142 1472 1181 ita
1507 1154 1673 1193 soporem

242 1223 314 1260 pro
341 1210 498 1261 quietem
523 1210 720 1260 scripsisse
746 1211 969 1250 statuimus.
1013 1211 1077 1250 Ex
1103 1210 1401 1250 erroris-eodem
1424 1223 1565 1261 genere
1586 1213 1673 1249 orta

243 1280 302 1316 est
330 1277 449 1317 etiam
476 1277 679 1318 diversitas
707 1278 923 1329 scripturae
948 1280 989 1318 in
1018 1292 1069 1318 vs.
1093 1280 1179 1328 170,
1207 1278 1276 1317 ubi
1297 1282 1423 1330 pectus
1447 1291 1472 1318 a
1494 1279 1671 1328 vetustis,

241 1357 374 1396 corpus
409 1359 434 1385 a
469 1347 614 1385 recenti
648 1346 749 1386 libro
777 1346 1003 1397 exhibetur,
1040 1360 1159 1398 quam
1186 1360 1318 1387 vocem
1352 1347 1392 1386 in
1427 1336 1672 1386 antecedenti

241 1425 354 1452 versu
390 1413 564 1463 legimus.
621 1413 698 1454 Sed
734 1418 779 1454 ut
810 1415 950 1454 horum
978 1415 1208 1454 mendorum
1244 1419 1386 1455 natura
1418 1415 1519 1454 vitro
1545 1415 1672 1469 perlu-

243 1480 365 1520 cidior
393 1485 463 1531 est,
492 1483 546 1521 sic
573 1483 762 1522 nonnulla
795 1483 873 1523 alia
898 1483 1135 1522 intricabilia
1160 1483 1242 1522 fere
1268 1483 1449 1522 videntur
1473 1496 1567 1522 esse.
1622 1482 1671 1521 In

241 1548 380 1587 horum
390 1562 550 1589 numero
564 1550 690 1589 habeo
703 1564 857 1590 versum
866 1552 955 1601 402,
967 1551 1034 1602 qui
1048 1551 1088 1589 in
1097 1550 1288 1590 Bembino
1306 1554 1346 1590 et
1355 1549 1671 1602 Cantabrigiensi

397 1617 532 1656 laurus
555 1619 650 1657 item
671 1618 823 1658 Phoebi
850 1632 1012 1669 surgens
1040 1619 1170 1669 decus,
1198 1620 1262 1659 1116
1284 1617 1538 1669 rododaphne

395 1683 557 1736 liliaque

241 1752 280 1792 in
309 1752 502 1794 Vossiano
530 1754 584 1794 sic
611 1757 739 1794 exstat

396 1821 532 1861 laurus
557 1822 650 1862 item
675 1822 826 1862 Phoebi
854 1823 969 1863 decus
996 1826 1035 1862 et
1062 1836 1133 1863 sua
1158 1822 1302 1874 pagina
1328 1822 1422 1862 dicit

242 1901 362 1938 quam
392 1889 648 1930 differentiam
687 1890 951 1931 Baehrensius
991 1904 1068 1930 non
1106 1891 1187 1931 sine
1223 1903 1341 1931 causa
1380 1891 1508 1931 verbis
1549 1891 1670 1940 „miro

242 1959 395 2008 errore“
423 1956 550 1997 affert.
605 1958 726 2009 Origo
761 1959 876 1998 huius
910 1960 1174 2010 perversitatis
1209 1959 1316 1998 nullo
1352 1958 1467 1997 modo
1504 1959 1670 2010 perspici

241 2028 381 2075 potest,
409 2039 521 2077 quae,
550 2026 629 2066 sive
659 2027 710 2066 ad
735 2027 856 2066 alium
882 2026 1028 2067 fontem
1054 2031 1205 2078 spectat
1225 2028 1304 2067 sive
1329 2027 1481 2067 librarii
1506 2027 1670 2067 oscitan-

245 2093 326 2132 tiae
354 2097 423 2133 aut
449 2095 694 2134 correctionis
720 2095 985 2134 testimonium
1013 2098 1188 2146 putatur,
1217 2098 1321 2134 certe
1339 2095 1670 2135 animadversione

242 2162 360 2213 digna
387 2166 458 2203 est.
513 2163 699 2204 Ceterum
723 2163 857 2203 similis
878 2163 1084 2204 verborum
1106 2164 1333 2215 compositio
1352 2164 1393 2203 in
1410 2177 1465 2204 vs.
1485 2166 1534 2204 27
1552 2164 1669 2204 huius

237 2223 421 2269 'carminis

398 2299 510 2337 triste
537 2297 642 2337 Iovis
670 2297 891 2351 Rhoetique
915 2300 1020 2356 canit
1042 2313 1120 2339 non
1143 2301 1287 2351 pagina
1313 2300 1458 2340 bellum

241 2366 445 2406 invenitur.
478 2391 531 2395 -
567 2365 676 2417 Apte
711 2368 804 2407 huic
839 2368 924 2407 loco
950 2381 1006 2408 vs.
1034 2371 1110 2408 332
1147 2369 1363 2419 scripturae
1397 2369 1565 2409 varietas
1603 2382 1668 2408 an-

241 2434 427 2484 nectitur,
459 2434 526 2474 ubi
551 2436 694 2474 mirum
729 2439 919 2486 quantum
952 2437 1102 2477 codices
1135 2437 1175 2476 in
1210 2450 1289 2476 una
1326 2450 1418 2477 voce
1453 2437 1667 2489 discedunt,

242 2515 331 2542 nam
358 2502 596 2553 antiquiores
621 2504 674 2542 sic
697 2504 817 2544 verba
843 2505 1007 2545 tradunt

398 2571 652 2622 Ethneusque
681 2571 859 2624 Cyclops,
886 2572 998 2612 illum
1024 2573 1234 2613 metuenda
1261 2573 1467 2624 charybdis

242 2638 434 2678 recentior
456 2642 591 2679 contra
611 2641 775 2691 praebet
797 2654 868 2692 pro
895 2641 1092 2681 metuenda
1109 2641 1341 2682 vocabulum
1361 2641 1525 2694 ranolea,
1550 2654 1667 2693 quem
