1988 2992
936 188 1193 225 „44-

346 290 467 331 Hunc
498 291 627 331 locum
654 304 702 330 ex
730 294 815 330 toto
842 290 997 330 Moreto
1023 289 1376 331 luculentissimum
1402 293 1674 340 argumentum
1701 304 1783 330 esse

346 363 456 409 puto,
485 372 564 408 quo
591 359 841 408 interpolatio
863 359 977 397 huius
1002 358 1183 397 carminis
1203 359 1243 397 in
1262 358 1458 398 Vossiano
1479 358 1781 399 demonstratur.

346 426 453 466 Nam
491 428 571 466 sive
598 426 786 477 Scaligeri
814 426 1096 475 coniecturam,
1139 438 1240 476 quae
1266 425 1394 465 adhuc
1419 426 1597 466 omnibus
1623 430 1784 477 accepta

346 494 422 533 fuit

503 561 663 601 tandem
689 565 877 613 concepto
904 575 944 601 se
967 562 1036 601 lux
1063 562 1216 613 fulgore
1243 562 1391 613 recepit

347 630 427 668 sive
445 629 677 668 Buecheleri
692 631 721 679 1)
750 631 962 680 speciosam
984 631 1304 680 emendationem,
1328 631 1379 669 ad
1400 643 1519 680 quam
1546 629 1781 680 gravissimis

347 698 473 736 causis
500 697 698 738 adductus
727 701 786 737 est

505 766 665 804 tandem
693 769 879 816 concepto
909 766 976 805 sed
1004 767 1069 805 vix
1094 766 1247 816 fulgore
1274 766 1421 805 recedit

346 833 630 882 amplectimur,
642 833 682 872 id
692 837 873 884 apertum
884 837 942 873 est
953 834 992 872 in
1003 834 1128 873 verbis
1138 834 1377 884 reliquorum
1385 834 1575 873 librorum
1583 833 1782 883 propriam

347 901 582 950 scripturam
597 901 836 951 delitescere,
860 903 899 941 in
914 903 1107 944 Vossiano
1126 902 1402 953 interpolatam
1421 915 1633 941 occurrere.
1668 900 1783 941 Cum-

348 982 424 1018 que
464 969 561 1008 nihil
601 970 666 1008 vix
700 970 908 1010 dilucidius
953 984 1038 1010 esse
1074 970 1217 1020 possit,
1271 983 1530 1009 commemoro
1565 982 1687 1018 nunc,
1739 971 1784 1007 ut

346 1036 511 1075 leviores
540 1038 830 1077 emendationes
856 1039 917 1076 vel
943 1038 1185 1088 corruptelas
1211 1037 1317 1076 velut
1343 1052 1378 1076 v.
1400 1041 1449 1077 23
1478 1038 1689 1077 silicem=
1706 1036 1782 1074 sili-

347 1116 421 1152 ces,
441 1118 475 1142 v.
497 1106 545 1142 26
565 1105 732 1144 assiduis
759 1106 862 1156 gyris
880 1125 930 1138 =
945 1106 1147 1145 assiduum
1167 1106 1284 1155 gyris,
1305 1118 1340 1144 v.
1359 1107 1410 1144 42
1429 1105 1581 1144 colatur
1594 1122 1646 1137 =
1658 1104 1782 1153 liqua-

346 1175 433 1220 tur,
475 1184 573 1221 quas
610 1172 708 1212 duas
734 1173 952 1214 Vossianus
990 1173 1114 1223 solus,
1156 1173 1321 1212 assiduis
1356 1187 1446 1213 cum
1472 1172 1782 1212 Helmstadiensi

346 1239 479 1289 habet,
508 1243 787 1290 transcurram,
814 1245 963 1280 rectam
989 1254 1051 1280 me
1079 1241 1235 1291 quidem
1264 1241 1390 1281 iudice
1419 1241 1622 1281 lectionem
1645 1241 1696 1280 ab
1715 1239 1782 1279 illo

347 1321 425 1346 uno
452 1308 640 1347 traditam
668 1323 702 1347 v.
731 1311 781 1348 45

503 1376 699 1416 contrahit
726 1378 919 1417 admixtos
945 1381 1042 1416 tunc
1069 1377 1194 1417 fontes
1222 1380 1345 1428 atque
1371 1377 1518 1416 farinas

348 1443 416 1482 ubi
454 1445 573 1483 ceteri
611 1445 712 1484 male
737 1446 929 1484 admixtas
957 1458 1058 1484 nunc
1080 1446 1238 1496 frondes
1263 1445 1461 1484 exhibent.
1516 1445 1574 1484 Ut
1600 1446 1673 1484 hoc
1697 1446 1783 1484 loco

344 1511 526 1549 immunis
554 1511 610 1550 ita
637 1512 770 1561 paullo
800 1513 903 1552 infra
942 1513 1181 1563 interpolata
1211 1513 1403 1564 scriptura
1440 1516 1569 1552 exstat
1601 1513 1639 1552 in
1668 1527 1704 1552 v.
1734 1516 1781 1551 77

503 1579 751 1630 plurimaque
776 1581 814 1619 in
842 1585 987 1620 terram
1014 1582 1194 1620 acumina
1223 1581 1338 1620 radix
1361 1581 1538 1620 detrudit

347 1659 436 1685 cum
464 1647 683 1686 emendatio
711 1648 882 1698 reliquos
910 1649 1060 1688 codices
1085 1648 1304 1699 inspicienti

510 1756 620 1759 ,,,,,,,,,,
625 1701 764 1739 lacuna
911 1717 1127 1766 crescitque
1153 1717 1192 1755 in
1220 1717 1398 1755 acumina
1424 1716 1537 1754 radix

349 1783 449 1822 satis
477 1796 673 1834 superque
701 1784 911 1824 manifesta
940 1785 1002 1823 sit.
1055 1784 1167 1824 Idem
1193 1785 1312 1824 etiam
1339 1783 1387 1822 de
1414 1797 1449 1822 v.
1474 1785 1522 1822 81

509 1852 668 1891 venales
696 1853 847 1892 olerum
876 1853 999 1892 fasces
1027 1853 1215 1903 portabat
1243 1852 1282 1890 in
1310 1851 1447 1891 urbem

347 1919 416 1958 ubi
445 1933 576 1959 omnes
603 1924 761 1970 praeter
793 1921 1030 1961 Vossianum
1058 1933 1187 1960 umero
1208 1920 1416 1972 praebent,
1444 1920 1564 1959 statui
1588 1919 1692 1958 licet.

434 2040 460 2080 ¹)
483 2040 506 2071 1.
528 2041 549 2072 1.
572 2052 604 2081 p.
624 2041 685 2072 321
708 2041 755 2073 sic
777 2041 911 2073 scribit:

474 2093 612 2125 tandem
636 2095 802 2134 concepto
825 2104 859 2125 se
880 2093 941 2125 lux
963 2092 1097 2135 fulgore
1118 2092 1248 2133 recepit

348 2145 396 2176 sic
418 2156 449 2176 v.
475 2146 514 2176 13
537 2144 690 2188 Scaliger
712 2146 899 2185 constituit,
924 2146 982 2187 qui
1004 2146 1040 2177 in
1062 2145 1158 2177 libris
1181 2145 1228 2177 sic
1251 2144 1403 2177 decurrit

474 2197 613 2229 tandem
637 2200 803 2239 concepto
826 2198 885 2230 sed
907 2198 967 2229 lux
989 2196 1124 2239 fulgore
1145 2197 1285 2229 recedit.

348 2248 420 2282 Nec
442 2249 561 2291 pulcre
582 2249 642 2282 ille
664 2250 833 2283 commisit
855 2251 1011 2292 concepto
1033 2249 1160 2292 recepit
1180 2260 1290 2291 neque
1319 2251 1398 2291 apte
1420 2261 1440 2282 a
1461 2249 1606 2289 rustico,
1638 2248 1695 2290 qui
1725 2247 1783 2281 ad-

348 2305 465 2342 movet,
482 2302 654 2344 producit,
683 2304 814 2336 eoecitat
833 2304 992 2345 idemque
1015 2302 1166 2344 defendit
1194 2305 1228 2335 et
1255 2305 1392 2342 reserat,
1415 2302 1583 2335 actionem
1607 2301 1784 2333 transtulit

349 2356 392 2388 ad
415 2357 605 2388 subiectum
627 2356 724 2396 illud,
748 2357 895 2398 denique
917 2357 983 2389 ista
1005 2357 1032 2389 si
1054 2356 1220 2398 probatur
1235 2355 1403 2397 scriptura
1417 2365 1487 2387 non
1501 2356 1615 2396 potest
1635 2353 1783 2396 intelligi

347 2409 412 2441 nisi
437 2408 573 2441 favillae
595 2409 698 2441 ardor
720 2409 943 2442 resuscitatur
970 2409 1005 2441 in
1036 2409 1216 2449 flammam,
1247 2408 1347 2441 series
1375 2410 1488 2440 autem
1515 2418 1630 2440 rerum
1659 2417 1698 2439 ac
1727 2407 1783 2439 de-

348 2462 542 2503 scriptionis
564 2462 725 2503 postulat,
748 2464 788 2494 ut
811 2473 951 2494 accensa
973 2462 1108 2494 dicatur
1130 2472 1199 2494 esse
1220 2461 1370 2493 lucerna.
1394 2460 1527 2502 corrigo
1549 2459 1657 2502 igitur

475 2514 614 2546 tandem
637 2517 802 2556 concepto
825 2515 884 2547 sed
905 2514 964 2546 vix
987 2514 1121 2556 fulgore
1142 2513 1273 2546 recedit

348 2567 370 2598 i.
402 2577 428 2598 e.
458 2566 516 2598 vix
549 2567 687 2598 tandem
719 2567 848 2599 lumine
877 2567 912 2598 in
941 2567 1114 2599 lucernam
1145 2569 1285 2608 accepto
1316 2566 1389 2597 abit
1419 2564 1567 2606 Simylus
1596 2575 1616 2596 a
1638 2564 1713 2597 foco
1736 2564 1780 2596 ad

349 2618 468 2651 cellam
490 2618 673 2660 penariam.
