1988 2992
971 187 1217 224 „12—

365 288 596 329 recedimus.
663 288 752 329 Iam
795 288 901 340 quod
944 290 1007 329 cui
1046 288 1288 341 Demophoon
1318 280 1484 329 aeterna
1527 290 1679 342 reliquit
1719 302 1804 342 per-

361 357 499 406 fidiam
526 357 760 396 lamentandi
787 359 891 396 mala
915 361 1022 397 recte
1059 371 1100 397 se
1134 357 1301 408 habent,
1340 358 1382 397 id
1407 358 1616 408 plerosque
1641 358 1804 398 latuisse

364 424 479 463 valde
509 424 652 463 mirum
679 427 750 464 est.
803 424 881 464 His
908 424 1036 465 verbis
1063 424 1217 476 Phyllis
1242 429 1282 465 et
1307 438 1436 475 causa,
1466 438 1536 465 cur
1559 428 1713 465 mutata
1739 427 1802 475 sit,

365 492 667 542 adumbrantur,
703 496 821 543 poeta
845 493 936 532 solis
961 497 1113 532 aeterna
1132 494 1243 532 »mala
1276 506 1354 532 non
1381 496 1606 542 contentus,
1641 506 1690 532 ne
1716 494 1804 543 quis

364 560 537 610 haereat,
557 573 658 611 quae
674 560 834 600 tandem
854 560 932 608 sint
949 560 1065 610 mala,
1088 560 1200 600 addit
1217 560 1422 612 perfidiam
1440 560 1683 611 lamentandi,
1703 549 1805 611 duae

367 629 487 668 verba
524 641 614 667 cum
640 628 835 667 communi
862 628 1015 668 dicendi
1042 628 1320 668 consuetudine
1346 642 1424 668 non
1458 629 1702 680 conspirant,
1736 628 1805 667 sed

364 697 422 735 ita
447 699 639 747 usurpata
662 708 747 735 esse
775 695 1008 746 putaverim,
1035 698 1082 734 ut
1102 708 1127 734 a
1144 698 1268 746 poeta
1284 709 1362 735 non
1386 696 1635 736 abhorreant.
1681 695 1805 736 Cuius

365 764 486 804 dictio
522 763 596 803 etsi
632 763 918 814 vituperatione
952 776 1030 802 non
1057 766 1185 813 caret,
1218 767 1350 804 tamen
1379 764 1504 804 multo
1538 764 1665 803 minus
1691 764 1804 803 casti-

364 832 495 883 ganda
521 836 580 872 est
606 844 727 882 quam
753 835 916 871 conatus
939 830 1153 870 multorum
1177 831 1349 871 virorum
1377 832 1599 882 doctorum,
1634 832 1704 882 qui
1731 832 1804 871 ele-

365 901 541 952 gantiam
575 899 700 950 magis
735 903 808 939 aut
846 900 1164 950 perspicuitatem
1204 913 1323 949 quam
1357 901 1562 940 veritatem
1603 903 1805 950 captantes

366 968 539 1018 antiquis
574 968 699 1019 poetis
739 967 961 1018 saepissime
1001 970 1152 1006 nocent.
1215 966 1342 1008 Veras
1377 971 1511 1007 autem
1553 967 1804 1007 difficultates

365 1035 556 1087 praebent
581 1035 787 1086 sequentia
809 1035 929 1074 verba

851 1113 1003 1164 perfida
1023 1136 1077 1141 —
1102 1113 1251 1164 perfide
1279 1112 1355 1165 (V)
1383 1112 1519 1153 multis

523 1181 671 1233 perfide
698 1181 957 1233 Demophoon
985 1184 1024 1221 et
1047 1194 1153 1221 nunc
1178 1180 1340 1221 defende
1362 1180 1515 1232 puellis,

474 1272 532 1311 Ut
570 1273 649 1310 iam
687 1284 807 1321 supra
847 1270 1107 1321 exposuimus,
1150 1270 1307 1321 defende
1339 1270 1379 1309 in
1411 1270 1575 1320 deflende
1613 1272 1805 1321 corrigen-

367 1339 463 1378 dum
491 1352 576 1378 esse
603 1352 716 1378 nemo
743 1351 820 1378 non
855 1338 1066 1387 consentit,
1102 1350 1192 1376 cum
1225 1338 1370 1387 optime
1409 1341 1690 1388 componantur
1724 1351 1805 1389 per-

362 1406 438 1456 fide
472 1406 714 1457 Demophoon
754 1411 788 1445 et
834 1418 936 1444 nunc
980 1405 1145 1455 deflende
1179 1400 1328 1456 puelli&
1392 1405 1470 1445 Sed
1508 1410 1659 1446 restant
1702 1406 1804 1446 duae

365 1486 477 1513 voces
511 1473 659 1524 perfida
694 1474 824 1512 multis
857 1497 910 1501 ——
942 1473 1083 1523 perfide
1123 1474 1273 1524 multis,
1316 1486 1417 1522 quae
1457 1477 1529 1512 aut
1566 1487 1654 1512 cum
1696 1477 1804 1513 antc-

366 1541 594 1582 cedentibus
616 1545 687 1581 aut
708 1554 798 1581 cum
825 1542 1079 1593 sequentibus
1107 1541 1376 1592 coniungenda
1404 1545 1512 1581 sunt:
1544 1541 1595 1581 ab
1621 1541 1697 1580 illis
1720 1554 1805 1593 per-

362 1610 443 1660 fida
472 1623 523 1649 m.
557 1610 836 1661 repudiantur,
875 1623 963 1649 cum
999 1624 1024 1649 a
1058 1609 1241 1659 Phyllide
1276 1609 1403 1648 aliena
1441 1611 1541 1659 sint,
1574 1623 1644 1648 nec
1674 1610 1805 1649 locum

365 1677 512 1717 habent
554 1678 629 1717 nisi
668 1681 894 1728 mutantur,
936 1691 1024 1717 cum
1067 1677 1128 1717 his
1175 1676 1360 1718 Vossiani
1409 1676 1525 1716 lectio
1576 1675 1675 1715 bene
1718 1688 1804 1715 con-

365 1746 483 1796 gruit,
510 1759 601 1785 nam

1222 1821 1370 1872 perfide
1395 1821 1542 1871 multis,

522 1891 668 1942 perfide
694 1890 963 1941 Demophoon,
993 1894 1033 1929 et
1057 1903 1161 1928 nunc
1187 1889 1363 1929 deflende
1388 1889 1539 1940 puellis,

365 1980 457 2027 apte
485 1990 509 2015 a
536 1979 654 2026 poeta
677 1974 862 2013 dicuntur
890 1986 1017 2024 neque
1045 1977 1104 2013 est
1131 1986 1201 2012 cur
1229 1973 1403 2012 eiusdem
1427 1974 1531 2011 vocis
1549 1972 1706 2011 iteratio
1725 1971 1803 2010 cul-

363 2048 501 2094 petur,
539 2056 641 2092 quae
676 2047 715 2081 et
750 2056 775 2080 a
807 2042 921 2080 bonis
957 2042 1083 2091 poetis
1111 2044 1151 2079 et
1187 2041 1238 2079 ab
1273 2040 1390 2079 huius
1426 2040 1607 2079 carminis
1642 2043 1804 2078 auctore

365 2111 450 2162 ipso
475 2113 701 2161 usurpetur,
731 2114 776 2149 ut
802 2123 837 2149 v.
868 2110 1075 2149 134—135

521 2202 641 2239 quam
668 2188 959 2228 comitabantur
985 2186 1124 2227 fatalia
1151 2186 1325 2226 carmina
1350 2198 1517 2236 quercus

522 2269 691 2307 quercus
718 2260 810 2296 ante
836 2256 953 2296 datae
981 2254 1135 2296 Cereris
1163 2267 1283 2305 quam
1310 2253 1458 2293 semina
1484 2253 1589 2292 vitae

615 2339 650 2364 v.
680 2327 758 2364 224

520 2393 695 2442 praemia
713 2395 816 2438 *sunt
840 2391 998 2442 pietatis
1022 2390 1104 2440 ubi,
1134 2376 1291 2440 pietatis
1316 2387 1510 2428 honores?

614 2474 650 2499 v.
679 2463 755 2500 252

520 2540 690 2578 quarum
716 2540 792 2566 vox
818 2527 910 2577 Ityn
938 2526 1021 2566 edit
1047 2525 1141 2575 Ityn
1159 2554 1168 2563 .
1185 2554 1194 2563 .
1212 2553 1221 2562 .
1246 2523 1310 2572 (cf.
1337 2523 1456 2572 infra)

613 2608 649 2635 v.
678 2596 755 2634 292
