1988 2992
921 220 1180 257 -13-

334 323 392 360 est
414 320 673 371 dubitationi,
702 324 830 361 totum
853 321 1100 361 enuntiatum
1126 322 1380 372 contempsisse
1401 321 1498 360 dolet
1519 333 1592 373 quo
1613 322 1769 360 numine

332 389 419 427 vicit
461 389 594 428 acerba
628 389 865 429 obscuritate
899 389 1081 438 involvit,
1112 402 1191 440 qua
1221 389 1296 429 hoc
1331 402 1488 443 carmen
1524 389 1658 439 augeri
1693 401 1771 428 non

333 456 439 496 licet.
495 455 607 507 Quae
632 457 665 495 si
689 460 795 496 recte
823 457 1023 508 disputata
1048 461 1159 506 sunt,
1186 456 1293 497 eadit
1317 457 1386 495 illa
1412 456 1655 506 coniectura,
1690 469 1769 506 qua

331 524 430 565 nihil
456 524 662 575 efficiatur,
692 528 749 575 ut,
779 538 866 565 cum
894 529 1109 565 ceterorum
1132 525 1309 564 codicum
1329 525 1443 564 lectio
1461 525 1536 564 levi
1553 524 1768 564 mutatione

332 592 513 633 adhibita
532 593 632 633 bene
650 605 692 632 se
709 592 866 643 habeat,
886 593 1116 633 Baehrensii
1135 597 1268 632 autem
1287 593 1506 632 emendatio
1524 593 1643 642 nullo,
1664 591 1769 642 quod

332 660 500 711 videam,
538 660 807 711 adstipulante
832 661 950 701 verba
978 661 1127 701 tradita
1154 661 1278 711 magis
1305 661 1491 711 depravet
1517 673 1635 711 quam
1659 660 1769 699 resti-

331 732 434 778 tuat,
455 729 497 768 in
522 728 635 768 libris
663 730 748 768 iure
775 729 1033 768 subsistamus
1058 732 1097 767 et
1123 741 1237 767 omne
1260 728 1433 768 studium
1451 740 1569 779 opera
1583 726 1769 768 Vossiani

332 795 461 836 Oulici
488 796 652 835 carmini
679 795 870 834 medelam
896 795 1108 835 adhibendi
1133 795 1248 835 inane
1275 808 1358 835 esse
1381 798 1421 834 et
1447 809 1494 835 ex
1517 793 1769 834 antecedente

330 867 371 903 et
398 876 446 902 ex
472 863 547 902 hoc
574 863 660 902 loco
688 866 793 902 recte
821 863 1112 902 concludamus.

435 930 525 971 Iam
548 931 641 971 licet
670 932 845 971 animum
872 931 923 971 ad
951 944 1086 971 versus
1109 931 1244 983 paullo
1270 933 1364 971 ante
1382 931 1528 983 positos
1552 929 1767 978 advertere,

331 1000 420 1039 dico
449 1013 505 1039 vs.
534 1002 741 1039 234—236

489 1079 583 1107 nam
609 1066 763 1106 vinctus
790 1066 900 1106 sedet
926 1066 1105 1105 immanis
1133 1067 1376 1119 serpentibus
1404 1065 1503 1106 Otos

488 1135 712 1174 devinctum
739 1138 914 1173 maestus
941 1134 1079 1185 procul
1104 1135 1295 1185 aspiciens
1323 1134 1536 1185 Ephialten

490 1202 622 1242 conati
649 1201 849 1252 quondam
875 1214 964 1240 cum
992 1201 1069 1240 sint
1095 1201 1318 1242 inscendere
1342 1201 1530 1241 mundum
1558 1201 1632 1240 BG

489 1270 622 1309 conati
649 1282 768 1320 quom
794 1269 871 1308 sint
894 1268 1092 1319 quondam
1118 1270 1337 1310 rescindere
1364 1269 1515 1309 caelum
1550 1268 1584 1308 V

434 1336 503 1376 Ab
532 1337 710 1377 omnibus
728 1336 927 1376 codicibus
943 1336 1138 1376 Vossiano
1158 1342 1318 1389 excepto
1338 1339 1533 1388 scriptura
1557 1335 1768 1376 inscendere

329 1405 517 1443 mundum
545 1404 764 1454 exhibetur,
792 1405 842 1444 de
871 1404 982 1443 cuius
1009 1406 1263 1454 perversitate
1291 1405 1437 1456 ambigi
1463 1405 1609 1455 nequit,
1651 1403 1767 1442 Duae

328 1472 415 1512 viae
440 1472 493 1512 ad
519 1472 639 1511 verba
664 1472 894 1522 corrigenda
919 1475 1075 1522 patent:
1104 1476 1174 1512 aut
1193 1472 1333 1524 Odyss.
1352 1473 1423 1512 XI
1440 1474 1645 1512 313-316
1668 1471 1767 1510 duce

483 1538 527 1579 οἵ
549 1555 599 1592 ρα
624 1540 688 1579 καὶ
713 1538 903 1579 ἀθάνατοι
930 1537 1142 1592 ἀπειλήτην
1166 1540 1205 1580 ἐν
1234 1543 1413 1594 Ὀλύμπῳ

488 1608 687 1659 φυλόπιδα
713 1608 861 1660 στήσειν
888 1607 1094 1654 πολυάϊκος
1119 1610 1317 1659 πολέμοιο.

479 1674 612 1715 Ὄσσαν
638 1675 677 1715 ἑν
701 1674 899 1728 Οὐλύμπῳ
924 1675 1098 1726 μέμασαν
1125 1679 1245 1727 θέμεν
1271 1675 1394 1727 αὕτοὶρ
1420 1675 1482 1715 ἐπ’
1504 1675 1615 1728 Ὄσσῃ

484 1743 630 1796 Πήλιον
655 1743 927 1795 εἰ.οσίφι’λλον,
950 1742 999 1782 ἵν’
1026 1742 1183 1794 οὕρανος
1206 1743 1379 1796 ἅμβατος
1405 1743 1476 1796 εἰἠ.

327 1814 367 1849 et
380 1810 488 1861 Hyg.
503 1811 582 1850 fab.
598 1814 648 1850 28
671 1825 783 1860 „cum
797 1816 925 1851 essent
939 1825 1131 1852 annorum
1151 1826 1299 1863 novem,
1323 1814 1364 1851 in
1385 1812 1534 1851 coelum
1558 1810 1764 1850 ascendere

327 1878 459 1917 conati
477 1882 593 1917 sunt“
624 1879 828 1918 scribimus
851 1879 1063 1918 inscendere
1089 1880 1230 1918 coelum
1256 1883 1339 1929 aut,
1368 1880 1401 1918 si
1428 1892 1559 1918 vocem
1578 1878 1764 1917 mundum

325 1946 559 1997 retinemus,
596 1946 802 1986 rescindere
838 1946 1046 1997 mundum,
1082 1961 1251 1998 quarum
1288 1948 1479 1999 posterior
1518 1946 1764 1998 simplicitate

326 2014 558 2053 mutationis
594 2015 718 2065 magis
746 2027 866 2064 quam
901 2014 1027 2053 altera
1061 2016 1376 2064 commendatur;
1414 2015 1572 2064 utrique
1604 2014 1764 2053 lectioni

325 2082 432 2121 favet
470 2082 606 2132 Apoll.
647 2081 742 2121 bibl.
784 2081 807 2120 I
846 2082 954 2133 7s41,
996 2082 1065 2121 ubi
1100 2083 1283 2133 legimus:
1324 2078 1429 2122 οὗτοι
1465 2083 1531 2134 (sc.
1563 2076 1668 2128 Ὦτος
1701 2080 1764 2119 καὶ

325 2147 547 2202 Ἐφιάλτης)
577 2179 585 2188 .
608 2178 616 2188 .
640 2179 648 2188 .
670 2179 679 2188 .
717 2149 817 2200 πρὸς
842 2149 961 2195 θεούς
990 2150 1188 2198 μάχεσθαι
1216 2150 1429 2189 διενοοῦντο
1450 2150 1514 2188 καὶ
1540 2149 1605 2202 τήν
1629 2148 1763 2188 Ὄσσαν

324 2215 392 2256 ἐπὶ
419 2216 485 2256 τὸν
503 2215 699 2268 Ὄλυμπον
722 2216 872 2264 ἔθεσαν,
901 2215 967 2256 ἐπὶ
989 2216 1031 2256 δὲ
1054 2216 1121 2270 τήν
1140 2216 1274 2257 Ὄσσαν
1299 2219 1432 2263 θέντες
1456 2216 1501 2255 τὸ
1527 2216 1672 2270 Πήλιον
1698 2215 1763 2255 διὰ

324 2287 400 2323 τῶν
422 2283 525 2336 ὀρῶν
545 2283 728 2337 ἠπείλουν
754 2285 812 2332 εἰς
837 2283 999 2336 οὐρανόν
1020 2283 1278 2338 ἀναβήσεσθαι
1304 2286 1368 2324 καὶ
1395 2285 1462 2337 τήν
1479 2285 1549 2334 μὲν
1565 2284 1763 2324 θάλασσαν

324 2352 516 2401 χώσαντες
541 2359 623 2401 τοῖς
655 2351 758 2404 ὄρεσι
777 2352 950 2407 ποιήσειν
975 2352 1105 2405 ἔλεγον
1124 2352 1292 2407 ἤπειρον,
1317 2353 1386 2406 τήν
1403 2352 1444 2393 δὲ
1461 2356 1531 2406 γῆν
1553 2351 1759 2393 θάλασσαν.

325 2420 514 2461 Ceterum
533 2434 610 2460 non
629 2420 797 2460 multum
819 2421 1080 2471 haerebimus,
1107 2423 1189 2461 utri
1206 2422 1377 2473 palmam
1395 2422 1552 2471 demus3
1580 2420 1761 2471 equidem

323 2488 506 2528 Bembini
546 2492 586 2529 et
628 2488 963 2541 Cantabrigiensis
1005 2489 1240 2541 scripturam
1277 2489 1523 2530 emendatam
1557 2488 1762 2529 rescindere

324 2556 514 2595 mundum
541 2557 656 2596 valde
682 2557 779 2595 mihi
803 2557 976 2596 arridere
1003 2557 1141 2606 fateor,
1169 2571 1248 2608 qua
1264 2558 1380 2608 plena
1400 2561 1439 2596 et
1453 2561 1549 2608 apta
1568 2557 1761 2597 sententia

323 2628 554 2675 procreatur
591 2628 630 2664 et
657 2624 925 2675 difficultates,
960 2625 993 2664 si
1021 2625 1179 2676 quidem
1211 2628 1314 2676 sunt,
1344 2625 1526 2665 facillime
1553 2624 1760 2665 tolluntur.
