<?xml version="1.0" encoding="UTF-8"?>
<!DOCTYPE html PUBLIC "-//W3C//DTD XHTML 1.0 Transitional//EN"
    "http://www.w3.org/TR/xhtml1/DTD/xhtml1-transitional.dtd">
<html xmlns="http://www.w3.org/1999/xhtml" xml:lang="en" lang="en">
 <head>
  <title>
</title>
<meta http-equiv="Content-Type" content="text/html;charset=utf-8" />
  <meta name='ocr-system' content='tesseract 3.04.00' />
  <meta name='ocr-capabilities' content='ocr_page ocr_carea ocr_par ocr_line ocrx_word'/>
</head>
<body>
  <div class='ocr_page' id='page_1' title='image "4771380_0044.png"; bbox 0 0 1988 2992; ppageno 0'>
   <div class='ocr_carea' id='block_1_1' title="bbox 221 294 1666 2655">
    <p class='ocr_par' dir='ltr' id='par_1_1' title="bbox 221 294 1666 2655">
     <span class='ocr_line' id='line_1_1' title="bbox 338 294 1666 345; baseline -0.004 -8"><span class='ocrx_word' id='word_1_1' title='bbox 338 296 429 337; x_wconf 89' lang='lat' dir='ltr'><strong>Hoc</strong></span> <span class='ocrx_word' id='word_1_2' title='bbox 454 295 650 345; x_wconf 87' lang='lat' dir='ltr'><strong>mendum,</strong></span> <span class='ocrx_word' id='word_1_3' title='bbox 683 298 728 334; x_wconf 93' lang='lat' dir='ltr'><strong>ut</strong></span> <span class='ocrx_word' id='word_1_4' title='bbox 755 294 848 344; x_wconf 83' lang='lat' dir='ltr'><strong>dixi,</strong></span> <span class='ocrx_word' id='word_1_5' title='bbox 886 295 966 334; x_wconf 86' lang='lat' dir='ltr'><strong>iam</strong></span> <span class='ocrx_word' id='word_1_6' title='bbox 992 294 1144 335; x_wconf 91' lang='lat' dir='ltr'><strong>Bembo</strong></span> <span class='ocrx_word' id='word_1_7' title='bbox 1171 297 1332 334; x_wconf 84' lang='lat' dir='ltr'><strong>auctore</strong></span> <span class='ocrx_word' id='word_1_8' title='bbox 1366 294 1566 333; x_wconf 85' lang='lat' dir='ltr'><strong>sublatum</strong></span> <span class='ocrx_word' id='word_1_9' title='bbox 1594 296 1666 342; x_wconf 86' lang='lat' dir='ltr'><strong>est,</strong></span> 
     </span>
     <span class='ocr_line' id='line_1_2' title="bbox 234 362 1666 415; baseline -0.003 -9"><span class='ocrx_word' id='word_1_10' title='bbox 234 367 402 407; x_wconf 87' lang='lat' dir='ltr'><strong>alterum</strong></span> <span class='ocrx_word' id='word_1_11' title='bbox 435 368 567 404; x_wconf 88' lang='lat' dir='ltr'><strong>autem</strong></span> <span class='ocrx_word' id='word_1_12' title='bbox 591 376 716 415; x_wconf 86' lang='lat' dir='ltr'><strong>usque</strong></span> <span class='ocrx_word' id='word_1_13' title='bbox 742 363 794 403; x_wconf 91' lang='lat' dir='ltr'><strong>ad</strong></span> <span class='ocrx_word' id='word_1_14' title='bbox 822 366 997 403; x_wconf 88' lang='lat' dir='ltr'><strong>nostram</strong></span> <span class='ocrx_word' id='word_1_15' title='bbox 1021 363 1249 403; x_wconf 83' lang='lat' dir='ltr'><strong>memoriam</strong></span> <span class='ocrx_word' id='word_1_16' title='bbox 1277 365 1537 414; x_wconf 86' lang='lat' dir='ltr'><strong>propagatum</strong></span> <span class='ocrx_word' id='word_1_17' title='bbox 1562 362 1666 412; x_wconf 83' lang='lat' dir='ltr'><strong>viget</strong></span> 
     </span>
     <span class='ocr_line' id='line_1_3' title="bbox 235 429 1666 482; baseline -0.002 -10"><span class='ocrx_word' id='word_1_18' title='bbox 235 446 318 482; x_wconf 91' lang='lat' dir='ltr'><strong>nec,</strong></span> <span class='ocrx_word' id='word_1_19' title='bbox 346 433 522 482; x_wconf 84' lang='lat' dir='ltr'><strong>quamvis</strong></span> <span class='ocrx_word' id='word_1_20' title='bbox 548 432 652 471; x_wconf 92' lang='lat' dir='ltr'><strong>idem</strong></span> <span class='ocrx_word' id='word_1_21' title='bbox 687 431 746 470; x_wconf 86' lang='lat' dir='ltr'><strong>vir</strong></span> <span class='ocrx_word' id='word_1_22' title='bbox 781 431 920 470; x_wconf 89' lang='lat' dir='ltr'><strong>doctus</strong></span> <span class='ocrx_word' id='word_1_23' title='bbox 953 431 1056 471; x_wconf 85' lang='lat' dir='ltr'><strong>viam</strong></span> <span class='ocrx_word' id='word_1_24' title='bbox 1081 431 1377 480; x_wconf 80' lang='lat' dir='ltr'><strong>monstraverit,</strong></span> <span class='ocrx_word' id='word_1_25' title='bbox 1409 430 1578 469; x_wconf 78' lang='lat' dir='ltr'><strong>editores</strong></span> <span class='ocrx_word' id='word_1_26' title='bbox 1609 429 1666 469; x_wconf 83' lang='lat' dir='ltr'><strong>ita</strong></span> 
     </span>
     <span class='ocr_line' id='line_1_4' title="bbox 236 497 1665 549; baseline -0.002 -10"><span class='ocrx_word' id='word_1_27' title='bbox 236 512 393 547; x_wconf 84' lang='lat' dir='ltr'><strong>vexare,</strong></span> <span class='ocrx_word' id='word_1_28' title='bbox 434 501 480 537; x_wconf 87' lang='lat' dir='ltr'><strong>ut</strong></span> <span class='ocrx_word' id='word_1_29' title='bbox 512 499 552 537; x_wconf 92' lang='lat' dir='ltr'><strong>in</strong></span> <span class='ocrx_word' id='word_1_30' title='bbox 588 498 761 537; x_wconf 87' lang='lat' dir='ltr'><strong>diversas</strong></span> <span class='ocrx_word' id='word_1_31' title='bbox 798 501 930 549; x_wconf 87' lang='lat' dir='ltr'><strong>partes</strong></span> <span class='ocrx_word' id='word_1_32' title='bbox 964 497 1188 547; x_wconf 81' lang='lat' dir='ltr'><strong>discedant,</strong></span> <span class='ocrx_word' id='word_1_33' title='bbox 1233 498 1386 537; x_wconf 88' lang='lat' dir='ltr'><strong>desinit.</strong></span> <span class='ocrx_word' id='word_1_34' title='bbox 1449 497 1665 537; x_wconf 91' lang='lat' dir='ltr'><strong>Bembinus</strong></span> 
     </span>
     <span class='ocr_line' id='line_1_5' title="bbox 238 564 1665 617; baseline -0.002 -11"><span class='ocrx_word' id='word_1_35' title='bbox 238 567 340 606; x_wconf 91' lang='lat' dir='ltr'><strong>enim</strong></span> <span class='ocrx_word' id='word_1_36' title='bbox 366 566 409 605; x_wconf 78' lang='lat' dir='ltr'><strong>in</strong></span> <span class='ocrx_word' id='word_1_37' title='bbox 434 566 627 616; x_wconf 66' lang='lat' dir='ltr'><strong>emissum,</strong></span> <span class='ocrx_word' id='word_1_38' title='bbox 664 564 998 617; x_wconf 83' lang='lat' dir='ltr'><strong>Cantabrigiensis</strong></span> <span class='ocrx_word' id='word_1_39' title='bbox 1025 565 1068 603; x_wconf 80' lang='lat' dir='ltr'><strong>in</strong></span> <span class='ocrx_word' id='word_1_40' title='bbox 1093 566 1268 614; x_wconf 73' lang='lat' dir='ltr'><strong>excisum,</strong></span> <span class='ocrx_word' id='word_1_41' title='bbox 1297 565 1514 607; x_wconf 81' lang='lat' dir='ltr'><strong>Vossianus</strong></span> <span class='ocrx_word' id='word_1_42' title='bbox 1539 565 1580 603; x_wconf 86' lang='lat' dir='ltr'><strong>in</strong></span> <span class='ocrx_word' id='word_1_43' title='bbox 1606 577 1665 602; x_wconf 75' lang='lat' dir='ltr'><strong>ex-</strong></span> 
     </span>
     <span class='ocr_line' id='line_1_6' title="bbox 234 631 1665 683; baseline -0.001 -11"><span class='ocrx_word' id='word_1_44' title='bbox 234 635 370 673; x_wconf 72' lang='lat' dir='ltr'><strong>celsum</strong></span> <span class='ocrx_word' id='word_1_45' title='bbox 398 633 593 683; x_wconf 84' lang='lat' dir='ltr'><strong>exhibent,</strong></span> <span class='ocrx_word' id='word_1_46' title='bbox 620 633 761 683; x_wconf 89' lang='lat' dir='ltr'><strong>quibus</strong></span> <span class='ocrx_word' id='word_1_47' title='bbox 783 646 830 672; x_wconf 89' lang='lat' dir='ltr'><strong>ex</strong></span> <span class='ocrx_word' id='word_1_48' title='bbox 855 633 1034 672; x_wconf 90' lang='lat' dir='ltr'><strong>omnibus</strong></span> <span class='ocrx_word' id='word_1_49' title='bbox 1059 633 1261 683; x_wconf 87' lang='lat' dir='ltr'><strong>scripturis</strong></span> <span class='ocrx_word' id='word_1_50' title='bbox 1285 645 1335 671; x_wconf 90' lang='lat' dir='ltr'><strong>ne</strong></span> <span class='ocrx_word' id='word_1_51' title='bbox 1361 645 1480 671; x_wconf 87' lang='lat' dir='ltr'><strong>unam</strong></span> <span class='ocrx_word' id='word_1_52' title='bbox 1506 631 1665 682; x_wconf 87' lang='lat' dir='ltr'><strong>quidem</strong></span> 
     </span>
     <span class='ocr_line' id='line_1_7' title="bbox 234 698 1664 753; baseline -0.001 -13"><span class='ocrx_word' id='word_1_53' title='bbox 234 703 371 753; x_wconf 88' lang='lat' dir='ltr'><strong>poetae</strong></span> <span class='ocrx_word' id='word_1_54' title='bbox 405 699 643 740; x_wconf 84' lang='lat' dir='ltr'><strong>reddendam</strong></span> <span class='ocrx_word' id='word_1_55' title='bbox 683 713 766 740; x_wconf 89' lang='lat' dir='ltr'><strong>esse</strong></span> <span class='ocrx_word' id='word_1_56' title='bbox 804 713 875 751; x_wconf 91' lang='lat' dir='ltr'><strong>per</strong></span> <span class='ocrx_word' id='word_1_57' title='bbox 908 712 950 739; x_wconf 90' lang='lat' dir='ltr'><strong>se</strong></span> <span class='ocrx_word' id='word_1_58' title='bbox 983 699 1225 750; x_wconf 78' lang='lat' dir='ltr'><strong>intelligitur.</strong></span> <span class='ocrx_word' id='word_1_59' title='bbox 1291 698 1398 738; x_wconf 85' lang='lat' dir='ltr'><strong>Nam</strong></span> <span class='ocrx_word' id='word_1_60' title='bbox 1432 703 1472 738; x_wconf 93' lang='lat' dir='ltr'><strong>et</strong></span> <span class='ocrx_word' id='word_1_61' title='bbox 1504 699 1664 739; x_wconf 90' lang='lat' dir='ltr'><strong>illorum</strong></span> 
     </span>
     <span class='ocr_line' id='line_1_8' title="bbox 231 766 1664 820; baseline -0.001 -11"><span class='ocrx_word' id='word_1_62' title='bbox 231 771 347 810; x_wconf 89' lang='lat' dir='ltr'><strong>lectio</strong></span> <span class='ocrx_word' id='word_1_63' title='bbox 372 768 570 809; x_wconf 87' lang='lat' dir='ltr'><strong>reicienda</strong></span> <span class='ocrx_word' id='word_1_64' title='bbox 586 771 658 819; x_wconf 87' lang='lat' dir='ltr'><strong>est,</strong></span> <span class='ocrx_word' id='word_1_65' title='bbox 686 768 829 820; x_wconf 88' lang='lat' dir='ltr'><strong>quippe</strong></span> <span class='ocrx_word' id='word_1_66' title='bbox 847 781 926 820; x_wconf 86' lang='lat' dir='ltr'><strong>qua</strong></span> <span class='ocrx_word' id='word_1_67' title='bbox 944 771 1113 820; x_wconf 89' lang='lat' dir='ltr'><strong>ponatur</strong></span> <span class='ocrx_word' id='word_1_68' title='bbox 1134 781 1220 819; x_wconf 86' lang='lat' dir='ltr'><strong>vox,</strong></span> <span class='ocrx_word' id='word_1_69' title='bbox 1245 781 1347 820; x_wconf 90' lang='lat' dir='ltr'><strong>quae</strong></span> <span class='ocrx_word' id='word_1_70' title='bbox 1369 766 1475 820; x_wconf 87' lang='lat' dir='ltr'><strong>apud</strong></span> <span class='ocrx_word' id='word_1_71' title='bbox 1499 766 1664 808; x_wconf 87' lang='lat' dir='ltr'><strong>Latinos</strong></span> 
     </span>
     <span class='ocr_line' id='line_1_9' title="bbox 233 835 1663 887; baseline -0.001 -11"><span class='ocrx_word' id='word_1_72' title='bbox 233 850 309 876; x_wconf 92' lang='lat' dir='ltr'><strong>non</strong></span> <span class='ocrx_word' id='word_1_73' title='bbox 341 839 492 886; x_wconf 85' lang='lat' dir='ltr'><strong>exstat,</strong></span> <span class='ocrx_word' id='word_1_74' title='bbox 529 839 568 875; x_wconf 89' lang='lat' dir='ltr'><strong>et</strong></span> <span class='ocrx_word' id='word_1_75' title='bbox 600 835 717 875; x_wconf 87' lang='lat' dir='ltr'><strong>huius</strong></span> <span class='ocrx_word' id='word_1_76' title='bbox 745 836 889 876; x_wconf 88' lang='lat' dir='ltr'><strong>codicis</strong></span> <span class='ocrx_word' id='word_1_77' title='bbox 918 836 1037 876; x_wconf 82' lang='lat' dir='ltr'><strong>verba</strong></span> <span class='ocrx_word' id='word_1_78' title='bbox 1063 836 1223 887; x_wconf 89' lang='lat' dir='ltr'><strong>probari</strong></span> <span class='ocrx_word' id='word_1_79' title='bbox 1248 839 1461 887; x_wconf 82' lang='lat' dir='ltr'><strong>nequeunt,</strong></span> <span class='ocrx_word' id='word_1_80' title='bbox 1496 848 1587 874; x_wconf 86' lang='lat' dir='ltr'><strong>cum</strong></span> <span class='ocrx_word' id='word_1_81' title='bbox 1614 836 1663 875; x_wconf 89' lang='lat' dir='ltr'><strong>si-</strong></span> 
     </span>
     <span class='ocr_line' id='line_1_10' title="bbox 234 904 1661 955; baseline 0 -12"><span class='ocrx_word' id='word_1_82' title='bbox 234 905 325 943; x_wconf 91' lang='lat' dir='ltr'><strong>mile</strong></span> <span class='ocrx_word' id='word_1_83' title='bbox 351 904 572 954; x_wconf 91' lang='lat' dir='ltr'><strong>exemplum</strong></span> <span class='ocrx_word' id='word_1_84' title='bbox 598 904 730 944; x_wconf 88' lang='lat' dir='ltr'><strong>audax</strong></span> <span class='ocrx_word' id='word_1_85' title='bbox 755 904 908 955; x_wconf 88' lang='lat' dir='ltr'><strong>generis</strong></span> <span class='ocrx_word' id='word_1_86' title='bbox 934 904 1088 944; x_wconf 90' lang='lat' dir='ltr'><strong>dicendi</strong></span> <span class='ocrx_word' id='word_1_87' title='bbox 1114 905 1156 944; x_wconf 82' lang='lat' dir='ltr'><strong>in</strong></span> <span class='ocrx_word' id='word_1_88' title='bbox 1180 904 1362 944; x_wconf 72' lang='lat' dir='ltr'><strong>excelsum</strong></span> <span class='ocrx_word' id='word_1_89' title='bbox 1383 916 1455 954; x_wconf 90' lang='lat' dir='ltr'><strong>pro</strong></span> <span class='ocrx_word' id='word_1_90' title='bbox 1481 904 1530 943; x_wconf 75' lang='lat' dir='ltr'><strong>in&#39;</strong></span> <span class='ocrx_word' id='word_1_91' title='bbox 1550 904 1661 943; x_wconf 73' lang='lat' dir='ltr'><strong>excel-</strong></span> 
     </span>
     <span class='ocr_line' id='line_1_11' title="bbox 231 970 1661 1022; baseline 0.001 -13"><span class='ocrx_word' id='word_1_92' title='bbox 231 983 317 1010; x_wconf 83' lang='lat' dir='ltr'><strong>sum</strong></span> <span class='ocrx_word' id='word_1_93' title='bbox 349 970 503 1010; x_wconf 82' lang='lat' dir='ltr'><em>modum</em></span> <span class='ocrx_word' id='word_1_94' title='bbox 528 983 607 1010; x_wconf 93' lang='lat' dir='ltr'><strong>non</strong></span> <span class='ocrx_word' id='word_1_95' title='bbox 631 972 861 1012; x_wconf 84' lang='lat' dir='ltr'><strong>inveniatur.</strong></span> <span class='ocrx_word' id='word_1_96' title='bbox 915 970 1027 1011; x_wconf 84' lang='lat' dir='ltr'><strong>Nihil</strong></span> <span class='ocrx_word' id='word_1_97' title='bbox 1058 971 1178 1022; x_wconf 88' lang='lat' dir='ltr'><strong>igitur</strong></span> <span class='ocrx_word' id='word_1_98' title='bbox 1213 971 1387 1022; x_wconf 88' lang='lat' dir='ltr'><strong>ambigui</strong></span> <span class='ocrx_word' id='word_1_99' title='bbox 1417 970 1661 1021; x_wconf 84' lang='lat' dir='ltr'><strong>relinquitur,</strong></span> 
     </span>
     <span class='ocr_line' id='line_1_12' title="bbox 230 1038 1661 1091; baseline 0 -13"><span class='ocrx_word' id='word_1_100' title='bbox 230 1039 326 1089; x_wconf 92' lang='lat' dir='ltr'><strong>quid</strong></span> <span class='ocrx_word' id='word_1_101' title='bbox 345 1039 394 1078; x_wconf 91' lang='lat' dir='ltr'><strong>de</strong></span> <span class='ocrx_word' id='word_1_102' title='bbox 411 1038 472 1077; x_wconf 88' lang='lat' dir='ltr'><strong>his</strong></span> <span class='ocrx_word' id='word_1_103' title='bbox 490 1038 761 1089; x_wconf 88' lang='lat' dir='ltr'><strong>discrepantiis</strong></span> <span class='ocrx_word' id='word_1_104' title='bbox 777 1039 1031 1091; x_wconf 88' lang='lat' dir='ltr'><strong>iudicandum</strong></span> <span class='ocrx_word' id='word_1_105' title='bbox 1049 1039 1112 1089; x_wconf 90' lang='lat' dir='ltr'><strong>sit,</strong></span> <span class='ocrx_word' id='word_1_106' title='bbox 1131 1039 1250 1078; x_wconf 91' lang='lat' dir='ltr'><strong>immo</strong></span> <span class='ocrx_word' id='word_1_107' title='bbox 1264 1040 1437 1078; x_wconf 87' lang='lat' dir='ltr'><strong>virorum</strong></span> <span class='ocrx_word' id='word_1_108' title='bbox 1455 1038 1661 1078; x_wconf 89' lang='lat' dir='ltr'><strong>doctorum</strong></span> 
     </span>
     <span class='ocr_line' id='line_1_13' title="bbox 231 1105 1661 1157; baseline -0.001 -11"><span class='ocrx_word' id='word_1_109' title='bbox 231 1109 393 1146; x_wconf 88' lang='lat' dir='ltr'><strong>conatus</strong></span> <span class='ocrx_word' id='word_1_110' title='bbox 427 1106 478 1146; x_wconf 89' lang='lat' dir='ltr'><strong>ad</strong></span> <span class='ocrx_word' id='word_1_111' title='bbox 512 1105 643 1145; x_wconf 92' lang='lat' dir='ltr'><strong>locum</strong></span> <span class='ocrx_word' id='word_1_112' title='bbox 669 1107 885 1147; x_wconf 87' lang='lat' dir='ltr'><strong>sanandum</strong></span> <span class='ocrx_word' id='word_1_113' title='bbox 916 1107 1050 1147; x_wconf 87' lang='lat' dir='ltr'><strong>inanes</strong></span> <span class='ocrx_word' id='word_1_114' title='bbox 1074 1107 1283 1156; x_wconf 87' lang='lat' dir='ltr'><strong>miramur,</strong></span> <span class='ocrx_word' id='word_1_115' title='bbox 1314 1118 1403 1145; x_wconf 94' lang='lat' dir='ltr'><strong>cum</strong></span> <span class='ocrx_word' id='word_1_116' title='bbox 1429 1109 1550 1157; x_wconf 88' lang='lat' dir='ltr'><strong>recta,</strong></span> <span class='ocrx_word' id='word_1_117' title='bbox 1586 1107 1661 1145; x_wconf 91' lang='lat' dir='ltr'><strong>nisi</strong></span> 
     </span>
     <span class='ocr_line' id='line_1_14' title="bbox 229 1171 1660 1226; baseline 0.001 -14"><span class='ocrx_word' id='word_1_118' title='bbox 229 1174 356 1223; x_wconf 87' lang='lat' dir='ltr'><strong>fallor,</strong></span> <span class='ocrx_word' id='word_1_119' title='bbox 384 1175 464 1213; x_wconf 89' lang='lat' dir='ltr'><strong>iam</strong></span> <span class='ocrx_word' id='word_1_120' title='bbox 489 1175 641 1224; x_wconf 90' lang='lat' dir='ltr'><strong>pridem</strong></span> <span class='ocrx_word' id='word_1_121' title='bbox 668 1175 885 1215; x_wconf 84' lang='lat' dir='ltr'><strong>emendatio</strong></span> <span class='ocrx_word' id='word_1_122' title='bbox 905 1189 929 1215; x_wconf 88' lang='lat' dir='ltr'><strong>a</strong></span> <span class='ocrx_word' id='word_1_123' title='bbox 946 1176 1099 1215; x_wconf 92' lang='lat' dir='ltr'><strong>Bembo</strong></span> <span class='ocrx_word' id='word_1_124' title='bbox 1127 1174 1283 1226; x_wconf 88' lang='lat' dir='ltr'><strong>prolata</strong></span> <span class='ocrx_word' id='word_1_125' title='bbox 1309 1174 1371 1213; x_wconf 90' lang='lat' dir='ltr'><strong>sit.</strong></span> <span class='ocrx_word' id='word_1_126' title='bbox 1416 1171 1533 1224; x_wconf 79' lang='lat' dir='ltr'><strong>Quod</strong></span> <span class='ocrx_word' id='word_1_127' title='bbox 1559 1175 1660 1213; x_wconf 91' lang='lat' dir='ltr'><strong>enim</strong></span> 
     </span>
     <span class='ocr_line' id='line_1_15' title="bbox 229 1241 1659 1291; baseline -0.001 -10"><span class='ocrx_word' id='word_1_128' title='bbox 229 1242 454 1281; x_wconf 69' lang='lat' dir='ltr'><strong>inmissum</strong></span> <span class='ocrx_word' id='word_1_129' title='bbox 488 1241 711 1282; x_wconf 90' lang='lat' dir='ltr'><strong>litterarum</strong></span> <span class='ocrx_word' id='word_1_130' title='bbox 748 1242 888 1283; x_wconf 89' lang='lat' dir='ltr'><strong>ductus</strong></span> <span class='ocrx_word' id='word_1_131' title='bbox 921 1245 1075 1282; x_wconf 89' lang='lat' dir='ltr'><strong>secutus</strong></span> <span class='ocrx_word' id='word_1_132' title='bbox 1114 1243 1330 1282; x_wconf 76' lang='lat' dir='ltr'><strong>inexcussus</strong></span> <span class='ocrx_word' id='word_1_133' title='bbox 1363 1241 1659 1291; x_wconf 83' lang='lat' dir='ltr'><strong>commendavit,</strong></span> 
     </span>
     <span class='ocr_line' id='line_1_16' title="bbox 228 1309 1660 1363; baseline 0.001 -15"><span class='ocrx_word' id='word_1_134' title='bbox 228 1309 425 1360; x_wconf 84' lang='lat' dir='ltr'><strong>ingeniose</strong></span> <span class='ocrx_word' id='word_1_135' title='bbox 474 1310 638 1350; x_wconf 90' lang='lat' dir='ltr'><strong>coniecit</strong></span> <span class='ocrx_word' id='word_1_136' title='bbox 680 1314 895 1362; x_wconf 88' lang='lat' dir='ltr'><strong>poetaeque</strong></span> <span class='ocrx_word' id='word_1_137' title='bbox 946 1310 1144 1363; x_wconf 80' lang='lat' dir='ltr'><strong>propriam</strong></span> <span class='ocrx_word' id='word_1_138' title='bbox 1188 1310 1397 1350; x_wconf 88' lang='lat' dir='ltr'><strong>dictionem</strong></span> <span class='ocrx_word' id='word_1_139' title='bbox 1442 1309 1660 1350; x_wconf 82' lang='lat' dir='ltr'><strong>restituisse</strong></span> 
     </span>
     <span class='ocr_line' id='line_1_17' title="bbox 228 1377 1659 1430; baseline 0.001 -14"><span class='ocrx_word' id='word_1_140' title='bbox 228 1377 392 1417; x_wconf 82' lang='lat' dir='ltr'><strong>videtur.</strong></span> <span class='ocrx_word' id='word_1_141' title='bbox 440 1377 537 1428; x_wconf 86' lang='lat' dir='ltr'><strong>Nec,</strong></span> <span class='ocrx_word' id='word_1_142' title='bbox 566 1390 804 1429; x_wconf 89' lang='lat' dir='ltr'><strong>quamquam</strong></span> <span class='ocrx_word' id='word_1_143' title='bbox 827 1378 934 1418; x_wconf 87' lang='lat' dir='ltr'><strong>haud</strong></span> <span class='ocrx_word' id='word_1_144' title='bbox 961 1380 1097 1430; x_wconf 90' lang='lat' dir='ltr'><strong>ignoro</strong></span> <span class='ocrx_word' id='word_1_145' title='bbox 1123 1378 1284 1418; x_wconf 87' lang='lat' dir='ltr'><strong>eandem</strong></span> <span class='ocrx_word' id='word_1_146' title='bbox 1306 1390 1440 1418; x_wconf 82' lang='lat' dir='ltr'><strong>vocem</strong></span> <span class='ocrx_word' id='word_1_147' title='bbox 1466 1390 1659 1428; x_wconf 78' lang='lat' dir='ltr'><strong>nusquam</strong></span> 
     </span>
     <span class='ocr_line' id='line_1_18' title="bbox 231 1445 1658 1497; baseline 0.001 -13"><span class='ocrx_word' id='word_1_148' title='bbox 231 1448 404 1496; x_wconf 88' lang='lat' dir='ltr'><strong>exstare,</strong></span> <span class='ocrx_word' id='word_1_149' title='bbox 440 1449 569 1486; x_wconf 88' lang='lat' dir='ltr'><strong>tamen</strong></span> <span class='ocrx_word' id='word_1_150' title='bbox 597 1460 683 1486; x_wconf 82' lang='lat' dir='ltr'><strong>eam</strong></span> <span class='ocrx_word' id='word_1_151' title='bbox 711 1450 751 1486; x_wconf 89' lang='lat' dir='ltr'><strong>et</strong></span> <span class='ocrx_word' id='word_1_152' title='bbox 774 1446 931 1497; x_wconf 84' lang='lat' dir='ltr'><strong>linguae</strong></span> <span class='ocrx_word' id='word_1_153' title='bbox 966 1446 1110 1487; x_wconf 86' lang='lat' dir='ltr'><strong>rationi</strong></span> <span class='ocrx_word' id='word_1_154' title='bbox 1143 1449 1183 1486; x_wconf 90' lang='lat' dir='ltr'><strong>et</strong></span> <span class='ocrx_word' id='word_1_155' title='bbox 1217 1445 1345 1486; x_wconf 89' lang='lat' dir='ltr'><strong>tenori</strong></span> <span class='ocrx_word' id='word_1_156' title='bbox 1379 1447 1658 1486; x_wconf 84' lang='lat' dir='ltr'><strong>sententiarum</strong></span> 
     </span>
     <span class='ocr_line' id='line_1_19' title="bbox 228 1513 1659 1563; baseline 0.001 -12"><span class='ocrx_word' id='word_1_157' title='bbox 228 1525 388 1563; x_wconf 87' lang='lat' dir='ltr'><strong>prorsus</strong></span> <span class='ocrx_word' id='word_1_158' title='bbox 424 1514 715 1553; x_wconf 87' lang='lat' dir='ltr'><strong>convenientem</strong></span> <span class='ocrx_word' id='word_1_159' title='bbox 753 1514 881 1553; x_wconf 89' lang='lat' dir='ltr'><strong>dicere</strong></span> <span class='ocrx_word' id='word_1_160' title='bbox 922 1514 1071 1553; x_wconf 87' lang='lat' dir='ltr'><strong>dubito.</strong></span> <span class='ocrx_word' id='word_1_161' title='bbox 1128 1513 1235 1552; x_wconf 86' lang='lat' dir='ltr'><strong>Nam</strong></span> <span class='ocrx_word' id='word_1_162' title='bbox 1273 1526 1349 1552; x_wconf 91' lang='lat' dir='ltr'><strong>non</strong></span> <span class='ocrx_word' id='word_1_163' title='bbox 1387 1513 1513 1553; x_wconf 90' lang='lat' dir='ltr'><strong>solum</strong></span> <span class='ocrx_word' id='word_1_164' title='bbox 1552 1517 1659 1553; x_wconf 88' lang='lat' dir='ltr'><strong>recte</strong></span> 
     </span>
     <span class='ocr_line' id='line_1_20' title="bbox 229 1580 1657 1634; baseline 0 -14"><span class='ocrx_word' id='word_1_165' title='bbox 229 1580 472 1621; x_wconf 86' lang='lat' dir='ltr'><strong>conformata</strong></span> <span class='ocrx_word' id='word_1_166' title='bbox 498 1595 545 1622; x_wconf 90' lang='lat' dir='ltr'><strong>ac</strong></span> <span class='ocrx_word' id='word_1_167' title='bbox 570 1581 797 1634; x_wconf 89' lang='lat' dir='ltr'><strong>composita,</strong></span> <span class='ocrx_word' id='word_1_168' title='bbox 822 1594 958 1621; x_wconf 86' lang='lat' dir='ltr'><strong>verum</strong></span> <span class='ocrx_word' id='word_1_169' title='bbox 983 1581 1102 1621; x_wconf 82' lang='lat' dir='ltr'><strong>etiam</strong></span> <span class='ocrx_word' id='word_1_170' title='bbox 1128 1580 1180 1621; x_wconf 88' lang='lat' dir='ltr'><strong>ad</strong></span> <span class='ocrx_word' id='word_1_171' title='bbox 1203 1580 1345 1620; x_wconf 87' lang='lat' dir='ltr'><strong>fortem</strong></span> <span class='ocrx_word' id='word_1_172' title='bbox 1363 1580 1502 1620; x_wconf 90' lang='lat' dir='ltr'><strong>ducem</strong></span> <span class='ocrx_word' id='word_1_173' title='bbox 1526 1580 1657 1633; x_wconf 86' lang='lat' dir='ltr'><strong>depin-</strong></span> 
     </span>
     <span class='ocr_line' id='line_1_21' title="bbox 227 1643 1656 1701; baseline 0.001 -14"><span class='ocrx_word' id='word_1_174' title='bbox 227 1649 397 1699; x_wconf 89' lang='lat' dir='ltr'><strong>gendum</strong></span> <span class='ocrx_word' id='word_1_175' title='bbox 423 1649 531 1689; x_wconf 89' lang='lat' dir='ltr'><strong>haud</strong></span> <span class='ocrx_word' id='word_1_176' title='bbox 558 1650 690 1701; x_wconf 87' lang='lat' dir='ltr'><strong>inepta</strong></span> <span class='ocrx_word' id='word_1_177' title='bbox 717 1643 795 1689; x_wconf 83' lang='lat' dir='ltr'><strong>est:</strong></span> <span class='ocrx_word' id='word_1_178' title='bbox 831 1649 1057 1688; x_wconf 86' lang='lat' dir='ltr'><strong>inexcussus</strong></span> <span class='ocrx_word' id='word_1_179' title='bbox 1081 1652 1140 1688; x_wconf 90' lang='lat' dir='ltr'><strong>est</strong></span> <span class='ocrx_word' id='word_1_180' title='bbox 1164 1649 1210 1698; x_wconf 87' lang='lat' dir='ltr'><strong>is,</strong></span> <span class='ocrx_word' id='word_1_181' title='bbox 1237 1648 1307 1698; x_wconf 89' lang='lat' dir='ltr'><strong>qui</strong></span> <span class='ocrx_word' id='word_1_182' title='bbox 1333 1649 1462 1688; x_wconf 85' lang='lat' dir='ltr'><strong>excuti</strong></span> <span class='ocrx_word' id='word_1_183' title='bbox 1487 1662 1564 1688; x_wconf 90' lang='lat' dir='ltr'><strong>non</strong></span> <span class='ocrx_word' id='word_1_184' title='bbox 1589 1662 1656 1700; x_wconf 93' lang='lat' dir='ltr'><strong>po-</strong></span> 
     </span>
     <span class='ocr_line' id='line_1_22' title="bbox 227 1715 1656 1770; baseline 0.001 -14"><span class='ocrx_word' id='word_1_185' title='bbox 227 1720 306 1757; x_wconf 91' lang='lat' dir='ltr'><strong>test</strong></span> <span class='ocrx_word' id='word_1_186' title='bbox 331 1720 398 1766; x_wconf 88' lang='lat'><strong>(=</strong></span> <span class='ocrx_word' id='word_1_187' title='bbox 416 1715 604 1770; x_wconf 80' lang='grc' dir='ltr'><strong><em>ἆκίνητος)</em></strong></span> <span class='ocrx_word' id='word_1_188' title='bbox 631 1717 835 1768; x_wconf 87' lang='lat' dir='ltr'><strong>multaque</strong></span> <span class='ocrx_word' id='word_1_189' title='bbox 862 1716 1040 1768; x_wconf 86' lang='lat' dir='ltr'><strong>exempla</strong></span> <span class='ocrx_word' id='word_1_190' title='bbox 1066 1719 1169 1766; x_wconf 92' lang='lat' dir='ltr'><strong>sunt,</strong></span> <span class='ocrx_word' id='word_1_191' title='bbox 1203 1716 1345 1767; x_wconf 86' lang='lat' dir='ltr'><strong>quibus</strong></span> <span class='ocrx_word' id='word_1_192' title='bbox 1381 1716 1543 1769; x_wconf 87' lang='lat' dir='ltr'><strong>perfecti</strong></span> <span class='ocrx_word' id='word_1_193' title='bbox 1568 1730 1656 1769; x_wconf 86' lang='lat' dir='ltr'><strong>pas-</strong></span> 
     </span>
     <span class='ocr_line' id='line_1_23' title="bbox 227 1784 1654 1837; baseline 0.001 -13"><span class='ocrx_word' id='word_1_194' title='bbox 227 1785 298 1824; x_wconf 86' lang='lat' dir='ltr'><strong>sivi</strong></span> <span class='ocrx_word' id='word_1_195' title='bbox 341 1785 567 1837; x_wconf 87' lang='lat' dir='ltr'><strong>participia,</strong></span> <span class='ocrx_word' id='word_1_196' title='bbox 615 1786 647 1825; x_wconf 90' lang='lat' dir='ltr'><strong>si</strong></span> <span class='ocrx_word' id='word_1_197' title='bbox 690 1799 779 1825; x_wconf 90' lang='lat' dir='ltr'><strong>cum</strong></span> <span class='ocrx_word' id='word_1_198' title='bbox 823 1785 1003 1836; x_wconf 83' lang='lat' dir='ltr'><strong>negativa</strong></span> <span class='ocrx_word' id='word_1_199' title='bbox 1047 1784 1174 1824; x_wconf 87' lang='lat' dir='ltr'><strong>forma</strong></span> <span class='ocrx_word' id='word_1_200' title='bbox 1212 1786 1255 1824; x_wconf 83' lang='lat' dir='ltr'><strong>in</strong></span> <span class='ocrx_word' id='word_1_201' title='bbox 1298 1786 1513 1837; x_wconf 85' lang='lat' dir='ltr'><strong>composita</strong></span> <span class='ocrx_word' id='word_1_202' title='bbox 1549 1789 1654 1836; x_wconf 91' lang='lat' dir='ltr'><strong>sunt,</strong></span> 
     </span>
     <span class='ocr_line' id='line_1_24' title="bbox 227 1853 1656 1904; baseline 0.001 -11"><span class='ocrx_word' id='word_1_203' title='bbox 227 1853 389 1893; x_wconf 88' lang='lat' dir='ltr'><strong>eandem</strong></span> <span class='ocrx_word' id='word_1_204' title='bbox 416 1853 494 1893; x_wconf 86' lang='lat' dir='ltr'><strong>vim</strong></span> <span class='ocrx_word' id='word_1_205' title='bbox 519 1856 640 1904; x_wconf 87' lang='lat' dir='ltr'><strong>atque</strong></span> <span class='ocrx_word' id='word_1_206' title='bbox 665 1854 869 1904; x_wconf 86' lang='lat' dir='ltr'><strong>adiectiva,</strong></span> <span class='ocrx_word' id='word_1_207' title='bbox 902 1866 1005 1904; x_wconf 88' lang='lat' dir='ltr'><strong>quae</strong></span> <span class='ocrx_word' id='word_1_208' title='bbox 1030 1853 1071 1893; x_wconf 92' lang='lat' dir='ltr'><strong>in</strong></span> <span class='ocrx_word' id='word_1_209' title='bbox 1097 1854 1161 1893; x_wconf 79' lang='lat' dir='ltr'><strong>ilis</strong></span> <span class='ocrx_word' id='word_1_210' title='bbox 1189 1856 1341 1903; x_wconf 91' lang='lat' dir='ltr'><strong>exeunt,</strong></span> <span class='ocrx_word' id='word_1_211' title='bbox 1366 1854 1529 1894; x_wconf 91' lang='lat' dir='ltr'><strong>induere</strong></span> <span class='ocrx_word' id='word_1_212' title='bbox 1555 1866 1656 1894; x_wconf 87' lang='lat' dir='ltr'><strong>com-</strong></span> 
     </span>
     <span class='ocr_line' id='line_1_25' title="bbox 226 1921 1655 1972; baseline 0.001 -13"><span class='ocrx_word' id='word_1_213' title='bbox 226 1921 428 1971; x_wconf 90' lang='lat' dir='ltr'><strong>probatur.</strong></span> <span class='ocrx_word' id='word_1_214' title='bbox 482 1921 682 1961; x_wconf 86' lang='lat' dir='ltr'><strong>Nonnulla</strong></span> <span class='ocrx_word' id='word_1_215' title='bbox 709 1935 756 1961; x_wconf 85' lang='lat' dir='ltr'><strong>ex</strong></span> <span class='ocrx_word' id='word_1_216' title='bbox 772 1921 933 1961; x_wconf 91' lang='lat' dir='ltr'><strong>Horatii</strong></span> <span class='ocrx_word' id='word_1_217' title='bbox 953 1921 1190 1962; x_wconf 86' lang='lat' dir='ltr'><strong>carminibus</strong></span> <span class='ocrx_word' id='word_1_218' title='bbox 1208 1922 1376 1972; x_wconf 86' lang='lat' dir='ltr'><strong>repetita</strong></span> <span class='ocrx_word' id='word_1_219' title='bbox 1392 1921 1655 1972; x_wconf 88' lang='lat' dir='ltr'><strong>Kiesslingius</strong></span> 
     </span>
     <span class='ocr_line' id='line_1_26' title="bbox 226 1988 1653 2041; baseline 0 -13"><span class='ocrx_word' id='word_1_220' title='bbox 226 1988 278 2028; x_wconf 87' lang='lat' dir='ltr'><strong>ad</strong></span> <span class='ocrx_word' id='word_1_221' title='bbox 305 2001 337 2028; x_wconf 89' lang='lat' dir='ltr'><strong>c.</strong></span> <span class='ocrx_word' id='word_1_222' title='bbox 360 1988 384 2028; x_wconf 93' lang='lat' dir='ltr'>I</span> <span class='ocrx_word' id='word_1_223' title='bbox 410 1989 497 2041; x_wconf 79' lang='lat' dir='ltr'><strong>24s9</strong></span> <span class='ocrx_word' id='word_1_224' title='bbox 533 1989 574 2027; x_wconf 93' lang='lat' dir='ltr'><strong>in</strong></span> <span class='ocrx_word' id='word_1_225' title='bbox 603 1989 770 2029; x_wconf 90' lang='lat' dir='ltr'><strong>editione</strong></span> <span class='ocrx_word' id='word_1_226' title='bbox 801 1990 992 2040; x_wconf 85' lang='lat' dir='ltr'><strong>congessit</strong></span> <span class='ocrx_word' id='word_1_227' title='bbox 1025 1988 1133 2028; x_wconf 84' lang='lat' dir='ltr'><strong>velut</strong></span> <span class='ocrx_word' id='word_1_228' title='bbox 1168 1989 1422 2039; x_wconf 86' lang='lat' dir='ltr'><strong>„immensus,</strong></span> <span class='ocrx_word' id='word_1_229' title='bbox 1460 1988 1653 2040; x_wconf 86' lang='lat' dir='ltr'><strong>inruptus,</strong></span> 
     </span>
     <span class='ocr_line' id='line_1_27' title="bbox 225 2056 1654 2107; baseline 0.001 -12"><span class='ocrx_word' id='word_1_230' title='bbox 225 2056 450 2105; x_wconf 88' lang='lat' dir='ltr'><strong>indomitus,</strong></span> <span class='ocrx_word' id='word_1_231' title='bbox 485 2057 644 2106; x_wconf 81' lang='lat' dir='ltr'><strong>invisus,</strong></span> <span class='ocrx_word' id='word_1_232' title='bbox 681 2058 948 2107; x_wconf 87' lang='lat' dir='ltr'><strong>intaminatus,</strong></span> <span class='ocrx_word' id='word_1_233' title='bbox 984 2057 1146 2107; x_wconf 90' lang='lat' dir='ltr'><strong>inultus,</strong></span> <span class='ocrx_word' id='word_1_234' title='bbox 1181 2057 1432 2106; x_wconf 88' lang='lat' dir='ltr'><strong>inretortus“,</strong></span> <span class='ocrx_word' id='word_1_235' title='bbox 1467 2056 1571 2096; x_wconf 87' lang='lat' dir='ltr'><strong>addo</strong></span> <span class='ocrx_word' id='word_1_236' title='bbox 1608 2070 1654 2096; x_wconf 87' lang='lat' dir='ltr'><strong>ex</strong></span> 
     </span>
     <span class='ocr_line' id='line_1_28' title="bbox 225 2123 1653 2176; baseline 0.001 -13"><span class='ocrx_word' id='word_1_237' title='bbox 225 2123 338 2176; x_wconf 86' lang='lat' dir='ltr'><strong>copia</strong></span> <span class='ocrx_word' id='word_1_238' title='bbox 364 2137 509 2175; x_wconf 90' lang='lat' dir='ltr'><strong>eorum,</strong></span> <span class='ocrx_word' id='word_1_239' title='bbox 537 2124 681 2176; x_wconf 87' lang='lat' dir='ltr'><strong>quibus</strong></span> <span class='ocrx_word' id='word_1_240' title='bbox 708 2124 841 2165; x_wconf 83' lang='lat' dir='ltr'><strong>Latini</strong></span> <span class='ocrx_word' id='word_1_241' title='bbox 861 2125 922 2165; x_wconf 89' lang='lat' dir='ltr'><strong>usi</strong></span> <span class='ocrx_word' id='word_1_242' title='bbox 942 2128 1044 2176; x_wconf 87' lang='lat' dir='ltr'><strong>sunt,</strong></span> <span class='ocrx_word' id='word_1_243' title='bbox 1071 2125 1187 2165; x_wconf 87' lang='lat' dir='ltr'><strong>haec:</strong></span> <span class='ocrx_word' id='word_1_244' title='bbox 1215 2124 1441 2175; x_wconf 88' lang='lat' dir='ltr'><strong>illaudatus,</strong></span> <span class='ocrx_word' id='word_1_245' title='bbox 1468 2124 1653 2165; x_wconf 90' lang='lat' dir='ltr'><strong>immotus</strong></span> 
     </span>
     <span class='ocr_line' id='line_1_29' title="bbox 226 2192 1650 2246; baseline 0.002 -16"><span class='ocrx_word' id='word_1_246' title='bbox 226 2192 350 2244; x_wconf 89' lang='lat' dir='ltr'><strong>(mens</strong></span> <span class='ocrx_word' id='word_1_247' title='bbox 362 2222 371 2241; x_wconf 93' lang='lat'><strong>,</strong></span> <span class='ocrx_word' id='word_1_248' title='bbox 400 2192 543 2245; x_wconf 87' lang='lat' dir='ltr'><strong>fatum)</strong></span> <span class='ocrx_word' id='word_1_249' title='bbox 574 2194 828 2244; x_wconf 87' lang='lat' dir='ltr'><strong>implacatus,</strong></span> <span class='ocrx_word' id='word_1_250' title='bbox 864 2194 1085 2233; x_wconf 86' lang='lat' dir='ltr'><strong>inaccessus</strong></span> <span class='ocrx_word' id='word_1_251' title='bbox 1122 2193 1251 2246; x_wconf 86' lang='lat' dir='ltr'><strong>(lucus</strong></span> <span class='ocrx_word' id='word_1_252' title='bbox 1288 2217 1337 2223; x_wconf 89' lang='lat'>—</span> <span class='ocrx_word' id='word_1_253' title='bbox 1371 2196 1411 2232; x_wconf 89' lang='lat' dir='ltr'><strong>et</strong></span> <span class='ocrx_word' id='word_1_254' title='bbox 1437 2193 1650 2233; x_wconf 87' lang='lat' dir='ltr'><strong>translate:</strong></span> 
     </span>
     <span class='ocr_line' id='line_1_30' title="bbox 224 2259 1650 2312; baseline 0.001 -13"><span class='ocrx_word' id='word_1_255' title='bbox 224 2259 439 2311; x_wconf 87' lang='lat' dir='ltr'><strong>Pindarus,</strong></span> <span class='ocrx_word' id='word_1_256' title='bbox 477 2273 594 2312; x_wconf 91' lang='lat' dir='ltr'><strong>quem</strong></span> <span class='ocrx_word' id='word_1_257' title='bbox 617 2260 782 2301; x_wconf 86' lang='lat' dir='ltr'><strong>Flaccus</strong></span> <span class='ocrx_word' id='word_1_258' title='bbox 808 2260 1018 2301; x_wconf 86' lang='lat' dir='ltr'><strong>imitationi</strong></span> <span class='ocrx_word' id='word_1_259' title='bbox 1048 2261 1290 2302; x_wconf 88' lang='lat' dir='ltr'><strong>inaccessum</strong></span> <span class='ocrx_word' id='word_1_260' title='bbox 1324 2259 1491 2301; x_wconf 87' lang='lat' dir='ltr'><strong>fatetur:</strong></span> <span class='ocrx_word' id='word_1_261' title='bbox 1527 2260 1650 2302; x_wconf 87' lang='lat' dir='ltr'><strong>Macr.</strong></span> 
     </span>
     <span class='ocr_line' id='line_1_31' title="bbox 224 2329 1650 2383; baseline 0.002 -16"><span class='ocrx_word' id='word_1_262' title='bbox 224 2331 298 2369; x_wconf 86' lang='lat' dir='ltr'><strong>sat.</strong></span> <span class='ocrx_word' id='word_1_263' title='bbox 326 2329 366 2370; x_wconf 93' lang='lat' dir='ltr'><strong>V</strong></span> <span class='ocrx_word' id='word_1_264' title='bbox 394 2329 498 2380; x_wconf 81' lang='lat' dir='ltr'><em>17s7)</em></span> <span class='ocrx_word' id='word_1_265' title='bbox 525 2329 665 2369; x_wconf 90' lang='lat' dir='ltr'><strong>incitus</strong></span> <span class='ocrx_word' id='word_1_266' title='bbox 702 2330 770 2383; x_wconf 81' lang='lat' dir='ltr'><strong>(de</strong></span> <span class='ocrx_word' id='word_1_267' title='bbox 795 2330 901 2370; x_wconf 84' lang='lat' dir='ltr'><strong>calce</strong></span> <span class='ocrx_word' id='word_1_268' title='bbox 927 2333 1184 2382; x_wconf 87' lang='lat' dir='ltr'><strong>usurpatum,</strong></span> <span class='ocrx_word' id='word_1_269' title='bbox 1223 2329 1272 2370; x_wconf 87' lang='lat' dir='ltr'><strong>cf.</strong></span> <span class='ocrx_word' id='word_1_270' title='bbox 1301 2329 1352 2370; x_wconf 91' lang='lat' dir='ltr'><strong>ad</strong></span> <span class='ocrx_word' id='word_1_271' title='bbox 1385 2329 1525 2370; x_wconf 85' lang='lat' dir='ltr'><strong>incitas</strong></span> <span class='ocrx_word' id='word_1_272' title='bbox 1552 2330 1650 2370; x_wconf 88' lang='lat' dir='ltr'><strong>redi-</strong></span> 
     </span>
     <span class='ocr_line' id='line_1_32' title="bbox 222 2396 1649 2450; baseline 0.001 -15"><span class='ocrx_word' id='word_1_273' title='bbox 222 2398 345 2449; x_wconf 86' lang='lat' dir='ltr'><strong>gere),</strong></span> <span class='ocrx_word' id='word_1_274' title='bbox 379 2396 628 2437; x_wconf 89' lang='lat' dir='ltr'><strong>inconcussus</strong></span> <span class='ocrx_word' id='word_1_275' title='bbox 656 2397 855 2450; x_wconf 89' lang='lat' dir='ltr'><strong>(iniuria),</strong></span> <span class='ocrx_word' id='word_1_276' title='bbox 893 2410 994 2449; x_wconf 88' lang='lat' dir='ltr'><strong>quae</strong></span> <span class='ocrx_word' id='word_1_277' title='bbox 1031 2411 1106 2438; x_wconf 88' lang='lat' dir='ltr'><strong>vox</strong></span> <span class='ocrx_word' id='word_1_278' title='bbox 1141 2398 1193 2438; x_wconf 88' lang='lat' dir='ltr'><strong>ad</strong></span> <span class='ocrx_word' id='word_1_279' title='bbox 1225 2399 1441 2437; x_wconf 64' lang='lat' dir='ltr'><strong>inconcussus</strong></span> <span class='ocrx_word' id='word_1_280' title='bbox 1476 2398 1649 2449; x_wconf 87' lang='lat' dir='ltr'><strong>proxime</strong></span> 
     </span>
     <span class='ocr_line' id='line_1_33' title="bbox 222 2465 1649 2520; baseline 0.003 -17"><span class='ocrx_word' id='word_1_281' title='bbox 222 2465 385 2514; x_wconf 88' lang='lat' dir='ltr'><strong>accedit,</strong></span> <span class='ocrx_word' id='word_1_282' title='bbox 411 2465 575 2505; x_wconf 87' lang='lat' dir='ltr'><strong>infectus</strong></span> <span class='ocrx_word' id='word_1_283' title='bbox 603 2466 672 2519; x_wconf 93' lang='lat'><strong>(=</strong></span> <span class='ocrx_word' id='word_1_284' title='bbox 699 2467 752 2516; x_wconf 92' lang='lat' dir='ltr'><strong>id,</strong></span> <span class='ocrx_word' id='word_1_285' title='bbox 786 2467 893 2518; x_wconf 90' lang='lat' dir='ltr'><strong>quod</strong></span> <span class='ocrx_word' id='word_1_286' title='bbox 919 2466 1005 2507; x_wconf 91' lang='lat' dir='ltr'><strong>fieri</strong></span> <span class='ocrx_word' id='word_1_287' title='bbox 1031 2480 1108 2507; x_wconf 91' lang='lat' dir='ltr'><strong>non</strong></span> <span class='ocrx_word' id='word_1_288' title='bbox 1135 2467 1296 2520; x_wconf 90' lang='lat' dir='ltr'><strong>potest),</strong></span> <span class='ocrx_word' id='word_1_289' title='bbox 1322 2467 1506 2516; x_wconf 85' lang='lat' dir='ltr'><strong>intactus,</strong></span> <span class='ocrx_word' id='word_1_290' title='bbox 1533 2468 1649 2507; x_wconf 88' lang='lat' dir='ltr'><strong>inter-</strong></span> 
     </span>
     <span class='ocr_line' id='line_1_34' title="bbox 222 2532 1648 2587; baseline 0.001 -15"><span class='ocrx_word' id='word_1_291' title='bbox 222 2532 405 2583; x_wconf 88' lang='lat' dir='ltr'><strong>minatus,</strong></span> <span class='ocrx_word' id='word_1_292' title='bbox 430 2533 643 2584; x_wconf 88' lang='lat' dir='ltr'><strong>interritus,</strong></span> <span class='ocrx_word' id='word_1_293' title='bbox 669 2533 846 2585; x_wconf 85' lang='lat' dir='ltr'><strong>invictus,</strong></span> <span class='ocrx_word' id='word_1_294' title='bbox 873 2534 1093 2575; x_wconf 86' lang='lat' dir='ltr'><strong>inviolatus.</strong></span> <span class='ocrx_word' id='word_1_295' title='bbox 1135 2557 1180 2563; x_wconf 92' lang='lat'><em>-</em></span> <span class='ocrx_word' id='word_1_296' title='bbox 1218 2534 1338 2575; x_wconf 86' lang='lat' dir='ltr'><strong>Hunc</strong></span> <span class='ocrx_word' id='word_1_297' title='bbox 1372 2547 1487 2574; x_wconf 90' lang='lat' dir='ltr'><strong>usum</strong></span> <span class='ocrx_word' id='word_1_298' title='bbox 1514 2535 1648 2587; x_wconf 88' lang='lat' dir='ltr'><strong>paucis</strong></span> 
     </span>
     <span class='ocr_line' id='line_1_35' title="bbox 221 2602 1646 2655; baseline 0.003 -15"><span class='ocrx_word' id='word_1_299' title='bbox 221 2602 409 2642; x_wconf 84' lang='lat' dir='ltr'><strong>tractanti</strong></span> <span class='ocrx_word' id='word_1_300' title='bbox 436 2602 531 2642; x_wconf 86' lang='lat' dir='ltr'><strong>mihi</strong></span> <span class='ocrx_word' id='word_1_301' title='bbox 563 2603 603 2642; x_wconf 89' lang='lat' dir='ltr'><strong>in</strong></span> <span class='ocrx_word' id='word_1_302' title='bbox 638 2605 807 2643; x_wconf 86' lang='lat' dir='ltr'><strong>mentem</strong></span> <span class='ocrx_word' id='word_1_303' title='bbox 833 2603 939 2643; x_wconf 84' lang='lat' dir='ltr'><strong>venit</strong></span> <span class='ocrx_word' id='word_1_304' title='bbox 970 2603 1046 2644; x_wconf 91' lang='lat' dir='ltr'><strong>loci</strong></span> <span class='ocrx_word' id='word_1_305' title='bbox 1070 2603 1269 2644; x_wconf 86' lang='lat' dir='ltr'><strong>Iuvenalis</strong></span> <span class='ocrx_word' id='word_1_306' title='bbox 1301 2602 1531 2655; x_wconf 84' lang='lat' dir='ltr'><strong>satirarum,</strong></span> <span class='ocrx_word' id='word_1_307' title='bbox 1566 2604 1646 2655; x_wconf 91' lang='lat' dir='ltr'><strong>qui,</strong></span> 
     </span>
    </p>
   </div>
  </div>
 </body>
</html>
