<?xml version="1.0" encoding="UTF-8"?>
<!DOCTYPE html PUBLIC "-//W3C//DTD XHTML 1.0 Transitional//EN"
    "http://www.w3.org/TR/xhtml1/DTD/xhtml1-transitional.dtd">
<html xmlns="http://www.w3.org/1999/xhtml" xml:lang="en" lang="en">
 <head>
  <title>
</title>
<meta http-equiv="Content-Type" content="text/html;charset=utf-8" />
  <meta name='ocr-system' content='tesseract 3.04.00' />
  <meta name='ocr-capabilities' content='ocr_page ocr_carea ocr_par ocr_line ocrx_word'/>
</head>
<body>
  <div class='ocr_page' id='page_1' title='image "4771380_0046.png"; bbox 0 0 1988 2992; ppageno 0'>
   <div class='ocr_carea' id='block_1_1' title="bbox 802 203 1063 241">
    <p class='ocr_par' dir='ltr' id='par_1_1' title="bbox 802 203 1063 241">
     <span class='ocr_line' id='line_1_1' title="bbox 802 203 1063 241; baseline 0 -11"><span class='ocrx_word' id='word_1_1' title='bbox 802 203 1063 241; x_wconf 37' lang='grc'><strong>*25-</strong></span> 
     </span>
    </p>
   </div>
   <div class='ocr_carea' id='block_1_2' title="bbox 161 305 1651 2669">
    <p class='ocr_par' dir='ltr' id='par_1_2' title="bbox 161 305 1651 2669">
     <span class='ocr_line' id='line_1_2' title="bbox 216 305 1649 360; baseline -0.002 -11"><span class='ocrx_word' id='word_1_2' title='bbox 216 321 334 349; x_wconf 85' lang='lat' dir='ltr'><strong>manu</strong></span> <span class='ocrx_word' id='word_1_3' title='bbox 358 310 536 347; x_wconf 82' lang='lat' dir='ltr'><strong>versatur</strong></span> <span class='ocrx_word' id='word_1_4' title='bbox 561 307 615 360; x_wconf 77' lang='lat' dir='ltr'><strong>(v,</strong></span> <span class='ocrx_word' id='word_1_5' title='bbox 643 306 751 360; x_wconf 78' lang='lat'><strong>296),</strong></span> <span class='ocrx_word' id='word_1_6' title='bbox 776 308 818 347; x_wconf 90' lang='lat' dir='ltr'><strong>in</strong></span> <span class='ocrx_word' id='word_1_7' title='bbox 844 320 978 348; x_wconf 90' lang='lat' dir='ltr'><strong>eorum</strong></span> <span class='ocrx_word' id='word_1_8' title='bbox 1006 321 1166 348; x_wconf 89' lang='lat' dir='ltr'><strong>numero</strong></span> <span class='ocrx_word' id='word_1_9' title='bbox 1191 308 1249 348; x_wconf 87' lang='lat' dir='ltr'><strong>ita</strong></span> <span class='ocrx_word' id='word_1_10' title='bbox 1275 307 1435 357; x_wconf 79' lang='lat' dir='ltr'><strong>assidet,</strong></span> <span class='ocrx_word' id='word_1_11' title='bbox 1471 310 1518 346; x_wconf 93' lang='lat' dir='ltr'><strong>ut</strong></span> <span class='ocrx_word' id='word_1_12' title='bbox 1539 305 1649 346; x_wconf 83' lang='lat' dir='ltr'><strong>haud</strong></span> 
     </span>
     <span class='ocr_line' id='line_1_3' title="bbox 216 374 1650 427; baseline -0.002 -11"><span class='ocrx_word' id='word_1_13' title='bbox 216 376 399 417; x_wconf 91' lang='lat' dir='ltr'><strong>ultimum</strong></span> <span class='ocrx_word' id='word_1_14' title='bbox 415 374 546 414; x_wconf 93' lang='grc'>10011111</span> <span class='ocrx_word' id='word_1_15' title='bbox 563 374 751 425; x_wconf 84' lang='lat' dir='ltr'><strong>obtineat,</strong></span> <span class='ocrx_word' id='word_1_16' title='bbox 770 375 832 415; x_wconf 81' lang='lat' dir='ltr'><strong>vel</strong></span> <span class='ocrx_word' id='word_1_17' title='bbox 850 377 994 427; x_wconf 90' lang='lat' dir='ltr'><strong>potius,</strong></span> <span class='ocrx_word' id='word_1_18' title='bbox 1021 379 1068 415; x_wconf 92' lang='lat' dir='ltr'><strong>ut</strong></span> <span class='ocrx_word' id='word_1_19' title='bbox 1092 377 1232 416; x_wconf 89' lang='lat' dir='ltr'><strong>ceteris</strong></span> <span class='ocrx_word' id='word_1_20' title='bbox 1259 376 1437 416; x_wconf 89' lang='lat' dir='ltr'><strong>omnibus</strong></span> <span class='ocrx_word' id='word_1_21' title='bbox 1460 378 1650 425; x_wconf 80' lang='lat' dir='ltr'><strong>tanquam</strong></span> 
     </span>
     <span class='ocr_line' id='line_1_4' title="bbox 217 442 1649 495; baseline -0.001 -12"><span class='ocrx_word' id='word_1_22' title='bbox 217 443 371 495; x_wconf 85' lang='lat' dir='ltr'><strong>gloriae</strong></span> <span class='ocrx_word' id='word_1_23' title='bbox 391 442 453 482; x_wconf 91' lang='lat' dir='ltr'><strong>sit.</strong></span> <span class='ocrx_word' id='word_1_24' title='bbox 508 442 560 481; x_wconf 90' lang='lat' dir='ltr'><strong>Id</strong></span> <span class='ocrx_word' id='word_1_25' title='bbox 591 442 775 482; x_wconf 89' lang='lat' dir='ltr'><strong>nimirum</strong></span> <span class='ocrx_word' id='word_1_26' title='bbox 803 457 936 484; x_wconf 93' lang='lat' dir='ltr'><strong>omnes</strong></span> <span class='ocrx_word' id='word_1_27' title='bbox 965 444 1190 483; x_wconf 89' lang='lat' dir='ltr'><strong>coniciendo</strong></span> <span class='ocrx_word' id='word_1_28' title='bbox 1218 443 1370 483; x_wconf 90' lang='lat' dir='ltr'><strong>efficere</strong></span> <span class='ocrx_word' id='word_1_29' title='bbox 1402 443 1649 491; x_wconf 87' lang='lat' dir='ltr'><strong>studuerunt,</strong></span> 
     </span>
     <span class='ocr_line' id='line_1_5' title="bbox 216 509 1651 561; baseline -0.001 -9"><span class='ocrx_word' id='word_1_30' title='bbox 216 511 283 552; x_wconf 90' lang='lat' dir='ltr'><strong>sed</strong></span> <span class='ocrx_word' id='word_1_31' title='bbox 310 510 407 549; x_wconf 83' lang='lat' dir='ltr'><strong>nihil</strong></span> <span class='ocrx_word' id='word_1_32' title='bbox 434 509 685 550; x_wconf 80' lang='lat' dir='ltr'><strong>emolumenti</strong></span> <span class='ocrx_word' id='word_1_33' title='bbox 713 512 820 551; x_wconf 89' lang='lat' dir='ltr'><strong>nacti</strong></span> <span class='ocrx_word' id='word_1_34' title='bbox 845 514 949 561; x_wconf 89' lang='lat' dir='ltr'><strong>sunt,</strong></span> <span class='ocrx_word' id='word_1_35' title='bbox 979 523 1072 550; x_wconf 90' lang='lat' dir='ltr'><strong>nam</strong></span> <span class='ocrx_word' id='word_1_36' title='bbox 1101 511 1135 550; x_wconf 92' lang='lat' dir='ltr'><strong>si</strong></span> <span class='ocrx_word' id='word_1_37' title='bbox 1160 510 1368 550; x_wconf 88' lang='lat' dir='ltr'><strong>lectionem</strong></span> <span class='ocrx_word' id='word_1_38' title='bbox 1385 510 1651 561; x_wconf 77' lang='lat' dir='ltr'><strong>antiquiorum</strong></span> 
     </span>
     <span class='ocr_line' id='line_1_6' title="bbox 215 577 1650 631; baseline -0.003 -12"><span class='ocrx_word' id='word_1_39' title='bbox 215 580 405 619; x_wconf 89' lang='lat' dir='ltr'><strong>librorum</strong></span> <span class='ocrx_word' id='word_1_40' title='bbox 432 579 547 617; x_wconf 82' lang='lat' dir='ltr'><strong>sociat</strong></span> <span class='ocrx_word' id='word_1_41' title='bbox 581 578 627 617; x_wconf 85' lang='lat' dir='ltr'><strong>de</strong></span> <span class='ocrx_word' id='word_1_42' title='bbox 658 580 784 631; x_wconf 72' lang='lat' dir='ltr'><strong>qloria</strong></span> <span class='ocrx_word' id='word_1_43' title='bbox 809 580 920 619; x_wconf 73' lang='lat' dir='ltr'><strong>sortis</strong></span> <span class='ocrx_word' id='word_1_44' title='bbox 944 579 1269 629; x_wconf 89' lang='lat' dir='ltr'><strong>contemplamur,</strong></span> <span class='ocrx_word' id='word_1_45' title='bbox 1303 579 1418 619; x_wconf 89' lang='lat' dir='ltr'><strong>facile</strong></span> <span class='ocrx_word' id='word_1_46' title='bbox 1444 577 1540 628; x_wconf 90' lang='lat' dir='ltr'><strong>quid</strong></span> <span class='ocrx_word' id='word_1_47' title='bbox 1568 577 1650 616; x_wconf 82' lang='lat' dir='ltr'><strong>veri</strong></span> 
     </span>
     <span class='ocr_line' id='line_1_7' title="bbox 216 645 1650 698; baseline -0.003 -11"><span class='ocrx_word' id='word_1_48' title='bbox 216 648 256 687; x_wconf 88' lang='lat' dir='ltr'><strong>in</strong></span> <span class='ocrx_word' id='word_1_49' title='bbox 296 659 343 686; x_wconf 89' lang='lat' dir='ltr'><strong>ea</strong></span> <span class='ocrx_word' id='word_1_50' title='bbox 381 645 505 686; x_wconf 89' lang='lat' dir='ltr'><strong>lateat</strong></span> <span class='ocrx_word' id='word_1_51' title='bbox 539 646 793 698; x_wconf 83' lang='lat' dir='ltr'><strong>perspicimus</strong></span> <span class='ocrx_word' id='word_1_52' title='bbox 830 647 856 686; x_wconf 93' lang='lat' dir='ltr'><strong>i.</strong></span> <span class='ocrx_word' id='word_1_53' title='bbox 894 660 928 687; x_wconf 90' lang='lat' dir='ltr'><strong>e.</strong></span> <span class='ocrx_word' id='word_1_54' title='bbox 971 647 1205 698; x_wconf 83' lang='lat' dir='ltr'><strong>scripturam</strong></span> <span class='ocrx_word' id='word_1_55' title='bbox 1246 647 1440 687; x_wconf 88' lang='lat' dir='ltr'><strong>editorum</strong></span> <span class='ocrx_word' id='word_1_56' title='bbox 1474 649 1650 685; x_wconf 84' lang='lat' dir='ltr'><strong>veterum</strong></span> 
     </span>
     <span class='ocr_line' id='line_1_8' title="bbox 216 714 1650 766; baseline -0.001 -12"><span class='ocrx_word' id='word_1_57' title='bbox 216 718 365 755; x_wconf 89' lang='lat' dir='ltr'><strong>rectam</strong></span> <span class='ocrx_word' id='word_1_58' title='bbox 390 728 475 755; x_wconf 90' lang='lat' dir='ltr'><strong>esse</strong></span> <span class='ocrx_word' id='word_1_59' title='bbox 501 714 614 754; x_wconf 91' lang='lat' dir='ltr'><strong>nobis</strong></span> <span class='ocrx_word' id='word_1_60' title='bbox 640 716 932 765; x_wconf 84' lang='lat' dir='ltr'><strong>persuademus,</strong></span> <span class='ocrx_word' id='word_1_61' title='bbox 958 728 1060 766; x_wconf 89' lang='lat' dir='ltr'><strong>quae</strong></span> <span class='ocrx_word' id='word_1_62' title='bbox 1084 728 1172 755; x_wconf 89' lang='lat' dir='ltr'><strong>eum</strong></span> <span class='ocrx_word' id='word_1_63' title='bbox 1202 728 1371 765; x_wconf 85' lang='lat' dir='ltr'><strong>sensum,</strong></span> <span class='ocrx_word' id='word_1_64' title='bbox 1406 728 1524 765; x_wconf 93' lang='lat' dir='ltr'><strong>quem</strong></span> <span class='ocrx_word' id='word_1_65' title='bbox 1551 714 1650 753; x_wconf 91' lang='lat' dir='ltr'><strong>desi-</strong></span> 
     </span>
     <span class='ocr_line' id='line_1_9' title="bbox 216 780 1649 835; baseline -0.002 -12"><span class='ocrx_word' id='word_1_66' title='bbox 216 784 409 832; x_wconf 88' lang='lat' dir='ltr'><strong>deramus,</strong></span> <span class='ocrx_word' id='word_1_67' title='bbox 440 782 609 832; x_wconf 87' lang='lat' dir='ltr'><strong>„assidet</strong></span> <span class='ocrx_word' id='word_1_68' title='bbox 634 784 694 833; x_wconf 91' lang='lat' dir='ltr'><strong>iis,</strong></span> <span class='ocrx_word' id='word_1_69' title='bbox 722 784 791 834; x_wconf 92' lang='lat' dir='ltr'><strong>qui</strong></span> <span class='ocrx_word' id='word_1_70' title='bbox 817 783 953 823; x_wconf 89' lang='lat' dir='ltr'><strong>eadem</strong></span> <span class='ocrx_word' id='word_1_71' title='bbox 981 786 1086 823; x_wconf 86' lang='lat' dir='ltr'><strong>sorte</strong></span> <span class='ocrx_word' id='word_1_72' title='bbox 1111 784 1151 823; x_wconf 91' lang='lat' dir='ltr'><strong>in</strong></span> <span class='ocrx_word' id='word_1_73' title='bbox 1179 784 1270 823; x_wconf 90' lang='lat' dir='ltr'><strong>sede</strong></span> <span class='ocrx_word' id='word_1_74' title='bbox 1297 783 1450 835; x_wconf 90' lang='lat' dir='ltr'><strong>piorum</strong></span> <span class='ocrx_word' id='word_1_75' title='bbox 1472 783 1525 835; x_wconf 86' lang='lat' dir='ltr'><strong>(v.</strong></span> <span class='ocrx_word' id='word_1_76' title='bbox 1555 780 1649 832; x_wconf 80' lang='lat'>295)</span> 
     </span>
     <span class='ocr_line' id='line_1_10' title="bbox 216 849 1649 902; baseline -0.003 -10"><span class='ocrx_word' id='word_1_77' title='bbox 216 851 354 892; x_wconf 89' lang='lat' dir='ltr'><strong>sociati</strong></span> <span class='ocrx_word' id='word_1_78' title='bbox 379 854 595 901; x_wconf 83' lang='lat' dir='ltr'><strong>versantur,</strong></span> <span class='ocrx_word' id='word_1_79' title='bbox 631 855 820 902; x_wconf 89' lang='lat' dir='ltr'><strong>tanquam</strong></span> <span class='ocrx_word' id='word_1_80' title='bbox 853 851 1041 891; x_wconf 84' lang='lat' dir='ltr'><strong>honorem</strong></span> <span class='ocrx_word' id='word_1_81' title='bbox 1066 852 1128 891; x_wconf 81' lang='lat' dir='ltr'><strong>vel</strong></span> <span class='ocrx_word' id='word_1_82' title='bbox 1151 852 1317 902; x_wconf 87' lang='lat' dir='ltr'><strong>gloriam</strong></span> <span class='ocrx_word' id='word_1_83' title='bbox 1347 853 1515 902; x_wconf 86' lang='lat' dir='ltr'><strong>parans“</strong></span> <span class='ocrx_word' id='word_1_84' title='bbox 1548 849 1649 888; x_wconf 89' lang='lat' dir='ltr'><strong>bene</strong></span> 
     </span>
     <span class='ocr_line' id='line_1_11' title="bbox 216 917 1648 970; baseline -0.001 -13"><span class='ocrx_word' id='word_1_85' title='bbox 216 919 390 970; x_wconf 85' lang='lat' dir='ltr'><strong>praebet.</strong></span> <span class='ocrx_word' id='word_1_86' title='bbox 444 918 630 960; x_wconf 89' lang='lat' dir='ltr'><strong>Vossiani</strong></span> <span class='ocrx_word' id='word_1_87' title='bbox 653 923 790 959; x_wconf 87' lang='lat' dir='ltr'><strong>contra</strong></span> <span class='ocrx_word' id='word_1_88' title='bbox 816 920 944 968; x_wconf 87' lang='lat' dir='ltr'><strong>lectio,</strong></span> <span class='ocrx_word' id='word_1_89' title='bbox 972 919 1116 969; x_wconf 79' lang='lat' dir='ltr'><strong>quippe</strong></span> <span class='ocrx_word' id='word_1_90' title='bbox 1139 932 1241 969; x_wconf 91' lang='lat' dir='ltr'><strong>quae</strong></span> <span class='ocrx_word' id='word_1_91' title='bbox 1266 922 1391 958; x_wconf 90' lang='lat' dir='ltr'><strong>metro</strong></span> <span class='ocrx_word' id='word_1_92' title='bbox 1409 917 1648 968; x_wconf 85' lang='lat' dir='ltr'><strong>repudietur,</strong></span> 
     </span>
     <span class='ocr_line' id='line_1_12' title="bbox 216 984 1649 1037; baseline -0.002 -12"><span class='ocrx_word' id='word_1_93' title='bbox 216 986 314 1025; x_wconf 90' lang='lat' dir='ltr'><strong>nihil</strong></span> <span class='ocrx_word' id='word_1_94' title='bbox 332 986 599 1036; x_wconf 86' lang='lat' dir='ltr'><strong>praestantiae</strong></span> <span class='ocrx_word' id='word_1_95' title='bbox 623 987 665 1026; x_wconf 91' lang='grc'><strong>111</strong></span> <span class='ocrx_word' id='word_1_96' title='bbox 692 1001 733 1027; x_wconf 87' lang='grc'><strong>80</strong></span> <span class='ocrx_word' id='word_1_97' title='bbox 757 987 876 1027; x_wconf 89' lang='lat' dir='ltr'><strong>habet</strong></span> <span class='ocrx_word' id='word_1_98' title='bbox 895 1000 943 1027; x_wconf 88' lang='lat' dir='ltr'><strong>ac</strong></span> <span class='ocrx_word' id='word_1_99' title='bbox 966 1000 1015 1026; x_wconf 92' lang='lat' dir='ltr'><strong>ne</strong></span> <span class='ocrx_word' id='word_1_100' title='bbox 1039 986 1206 1027; x_wconf 82' lang='lat' dir='ltr'><strong>divinari</strong></span> <span class='ocrx_word' id='word_1_101' title='bbox 1231 986 1391 1037; x_wconf 89' lang='lat' dir='ltr'><strong>quidem</strong></span> <span class='ocrx_word' id='word_1_102' title='bbox 1408 986 1500 1025; x_wconf 89' lang='lat' dir='ltr'><strong>licet</strong></span> <span class='ocrx_word' id='word_1_103' title='bbox 1524 984 1649 1035; x_wconf 87' lang='lat' dir='ltr'><strong>ipsam</strong></span> 
     </span>
     <span class='ocr_line' id='line_1_13' title="bbox 161 1052 1650 1105; baseline -0.003 -12"><span class='ocrx_word' id='word_1_104' title='bbox 161 1098 166 1104; x_wconf 32' lang='lat'>¹</span> <span class='ocrx_word' id='word_1_105' title='bbox 217 1066 264 1093; x_wconf 87' lang='lat' dir='ltr'><strong>ex</strong></span> <span class='ocrx_word' id='word_1_106' title='bbox 290 1054 457 1103; x_wconf 86' lang='lat' dir='ltr'><strong>genuina</strong></span> <span class='ocrx_word' id='word_1_107' title='bbox 485 1057 620 1094; x_wconf 90' lang='lat' dir='ltr'><strong>natam</strong></span> <span class='ocrx_word' id='word_1_108' title='bbox 647 1067 741 1103; x_wconf 89' lang='lat' dir='ltr'><strong>esse,</strong></span> <span class='ocrx_word' id='word_1_109' title='bbox 769 1054 837 1093; x_wconf 89' lang='lat' dir='ltr'><strong>sed</strong></span> <span class='ocrx_word' id='word_1_110' title='bbox 863 1058 909 1094; x_wconf 90' lang='lat' dir='ltr'><strong>ut</strong></span> <span class='ocrx_word' id='word_1_111' title='bbox 933 1057 1115 1105; x_wconf 89' lang='lat' dir='ltr'><strong>putemus</strong></span> <span class='ocrx_word' id='word_1_112' title='bbox 1140 1058 1356 1094; x_wconf 85' lang='lat' dir='ltr'><strong>commovet</strong></span> <span class='ocrx_word' id='word_1_113' title='bbox 1379 1052 1542 1093; x_wconf 88' lang='lat' dir='ltr'><strong>librario</strong></span> <span class='ocrx_word' id='word_1_114' title='bbox 1563 1064 1650 1090; x_wconf 92' lang='lat' dir='ltr'><strong>eam</strong></span> 
     </span>
     <span class='ocr_line' id='line_1_14' title="bbox 217 1119 1650 1172; baseline -0.002 -11"><span class='ocrx_word' id='word_1_115' title='bbox 217 1121 370 1171; x_wconf 87' lang='lat' dir='ltr'><strong>deberi,</strong></span> <span class='ocrx_word' id='word_1_116' title='bbox 430 1121 498 1172; x_wconf 90' lang='lat' dir='ltr'><strong>qui</strong></span> <span class='ocrx_word' id='word_1_117' title='bbox 545 1121 607 1161; x_wconf 86' lang='lat' dir='ltr'><strong>vel</strong></span> <span class='ocrx_word' id='word_1_118' title='bbox 656 1121 834 1162; x_wconf 89' lang='lat' dir='ltr'><strong>socordia</strong></span> <span class='ocrx_word' id='word_1_119' title='bbox 882 1124 1049 1162; x_wconf 79' lang='lat' dir='ltr'><strong>societate</strong></span> <span class='ocrx_word' id='word_1_120' title='bbox 1098 1123 1272 1163; x_wconf 87' lang='lat' dir='ltr'><strong>exaravit</strong></span> <span class='ocrx_word' id='word_1_121' title='bbox 1318 1122 1399 1171; x_wconf 85' lang='lat' dir='ltr'><strong>vel,</strong></span> <span class='ocrx_word' id='word_1_122' title='bbox 1453 1120 1495 1160; x_wconf 88' lang='lat' dir='ltr'><strong>id</strong></span> <span class='ocrx_word' id='word_1_123' title='bbox 1543 1119 1650 1170; x_wconf 90' lang='lat' dir='ltr'><strong>quod</strong></span> 
     </span>
     <span class='ocr_line' id='line_1_15' title="bbox 216 1187 1650 1240; baseline -0.001 -13"><span class='ocrx_word' id='word_1_124' title='bbox 216 1190 415 1239; x_wconf 88' lang='lat' dir='ltr'><strong>maiorem,</strong></span> <span class='ocrx_word' id='word_1_125' title='bbox 444 1190 600 1240; x_wconf 87' lang='lat' dir='ltr'><strong>opinor,</strong></span> <span class='ocrx_word' id='word_1_126' title='bbox 633 1189 751 1228; x_wconf 86' lang='lat' dir='ltr'><strong>fidem</strong></span> <span class='ocrx_word' id='word_1_127' title='bbox 776 1190 913 1239; x_wconf 90' lang='lat' dir='ltr'><strong>habet,</strong></span> <span class='ocrx_word' id='word_1_128' title='bbox 949 1190 1118 1229; x_wconf 84' lang='lat' dir='ltr'><strong>traditas</strong></span> <span class='ocrx_word' id='word_1_129' title='bbox 1144 1190 1318 1239; x_wconf 79' lang='lat' dir='ltr'><strong>litteras,</strong></span> <span class='ocrx_word' id='word_1_130' title='bbox 1353 1202 1450 1239; x_wconf 89' lang='lat' dir='ltr'><strong>quas</strong></span> <span class='ocrx_word' id='word_1_131' title='bbox 1482 1201 1561 1226; x_wconf 91' lang='lat' dir='ltr'><strong>non</strong></span> <span class='ocrx_word' id='word_1_132' title='bbox 1595 1187 1650 1225; x_wconf 93' lang='lat' dir='ltr'><strong>in-</strong></span> 
     </span>
     <span class='ocr_line' id='line_1_16' title="bbox 216 1253 1650 1309; baseline -0.002 -13"><span class='ocrx_word' id='word_1_133' title='bbox 216 1256 424 1308; x_wconf 86' lang='lat' dir='ltr'><strong>telligeret,</strong></span> <span class='ocrx_word' id='word_1_134' title='bbox 457 1257 535 1297; x_wconf 79' lang='lat' dir='ltr'><strong>suis</strong></span> <span class='ocrx_word' id='word_1_135' title='bbox 570 1257 722 1298; x_wconf 90' lang='lat' dir='ltr'><strong>innisus</strong></span> <span class='ocrx_word' id='word_1_136' title='bbox 752 1257 899 1297; x_wconf 89' lang='lat' dir='ltr'><strong>viribus</strong></span> <span class='ocrx_word' id='word_1_137' title='bbox 931 1257 1038 1297; x_wconf 81' lang='lat' dir='ltr'><strong>facili</strong></span> <span class='ocrx_word' id='word_1_138' title='bbox 1069 1257 1225 1309; x_wconf 88' lang='lat' dir='ltr'><strong>negotio</strong></span> <span class='ocrx_word' id='word_1_139' title='bbox 1261 1257 1440 1297; x_wconf 85' lang='lat' dir='ltr'><strong>mutavit.</strong></span> <span class='ocrx_word' id='word_1_140' title='bbox 1496 1253 1650 1305; x_wconf 80' lang='lat' dir='ltr'><strong>Quarta</strong></span> 
     </span>
     <span class='ocr_line' id='line_1_17' title="bbox 216 1324 1650 1375; baseline -0.001 -12"><span class='ocrx_word' id='word_1_141' title='bbox 216 1325 383 1375; x_wconf 88' lang='lat' dir='ltr'><strong>denique</strong></span> <span class='ocrx_word' id='word_1_142' title='bbox 401 1338 478 1364; x_wconf 91' lang='lat' dir='ltr'><strong>non</strong></span> <span class='ocrx_word' id='word_1_143' title='bbox 502 1329 587 1364; x_wconf 89' lang='lat' dir='ltr'><strong>tam</strong></span> <span class='ocrx_word' id='word_1_144' title='bbox 605 1325 818 1365; x_wconf 88' lang='lat' dir='ltr'><strong>difficultas</strong></span> <span class='ocrx_word' id='word_1_145' title='bbox 839 1339 958 1375; x_wconf 90' lang='lat' dir='ltr'><strong>quam</strong></span> <span class='ocrx_word' id='word_1_146' title='bbox 984 1325 1204 1365; x_wconf 89' lang='lat' dir='ltr'><strong>differentia</strong></span> <span class='ocrx_word' id='word_1_147' title='bbox 1229 1326 1332 1364; x_wconf 90' lang='lat' dir='ltr'><strong>inter</strong></span> <span class='ocrx_word' id='word_1_148' title='bbox 1350 1324 1581 1364; x_wconf 86' lang='lat' dir='ltr'><strong>vetustiores</strong></span> <span class='ocrx_word' id='word_1_149' title='bbox 1610 1326 1650 1362; x_wconf 91' lang='lat' dir='ltr'><strong>et</strong></span> 
     </span>
     <span class='ocr_line' id='line_1_18' title="bbox 215 1391 1650 1443; baseline -0.001 -12"><span class='ocrx_word' id='word_1_150' title='bbox 215 1393 468 1432; x_wconf 80' lang='lat' dir='ltr'><strong>recentiorem</strong></span> <span class='ocrx_word' id='word_1_151' title='bbox 494 1393 639 1433; x_wconf 89' lang='lat' dir='ltr'><strong>librum</strong></span> <span class='ocrx_word' id='word_1_152' title='bbox 664 1394 704 1432; x_wconf 93' lang='grc'><strong>111</strong></span> <span class='ocrx_word' id='word_1_153' title='bbox 731 1396 904 1432; x_wconf 85' lang='lat' dir='ltr'><strong>extremo</strong></span> <span class='ocrx_word' id='word_1_154' title='bbox 928 1406 1043 1433; x_wconf 83' lang='lat' dir='ltr'><strong>versu</strong></span> <span class='ocrx_word' id='word_1_155' title='bbox 1070 1397 1210 1443; x_wconf 85' lang='lat' dir='ltr'><strong>exstat,</strong></span> <span class='ocrx_word' id='word_1_156' title='bbox 1247 1392 1316 1432; x_wconf 91' lang='lat' dir='ltr'><strong>ubi</strong></span> <span class='ocrx_word' id='word_1_157' title='bbox 1340 1391 1401 1431; x_wconf 90' lang='grc'>1111</span> <span class='ocrx_word' id='word_1_158' title='bbox 1422 1392 1587 1443; x_wconf 72' lang='lat' dir='ltr'><strong>referens</strong></span> <span class='ocrx_word' id='word_1_159' title='bbox 1625 1404 1650 1428; x_wconf 90' lang='lat' dir='ltr'><strong>a</strong></span> 
     </span>
     <span class='ocr_line' id='line_1_19' title="bbox 217 1461 1646 1514; baseline -0.001 -14"><span class='ocrx_word' id='word_1_160' title='bbox 217 1461 372 1500; x_wconf 79' lang='lat' dir='ltr'><strong>navibus</strong></span> <span class='ocrx_word' id='word_1_161' title='bbox 407 1463 510 1513; x_wconf 74' lang='lat' dir='ltr'><strong>iqnes</strong></span> <span class='ocrx_word' id='word_1_162' title='bbox 538 1461 722 1514; x_wconf 75' lang='lat' dir='ltr'><strong>Phryqios</strong></span> <span class='ocrx_word' id='word_1_163' title='bbox 757 1466 862 1500; x_wconf 81' lang='lat' dir='ltr'><strong>torva</strong></span> <span class='ocrx_word' id='word_1_164' title='bbox 888 1462 1041 1512; x_wconf 82' lang='lat' dir='ltr'><strong>feritate</strong></span> <span class='ocrx_word' id='word_1_165' title='bbox 1069 1463 1254 1513; x_wconf 80' lang='lat' dir='ltr'><strong>repulsos,</strong></span> <span class='ocrx_word' id='word_1_166' title='bbox 1289 1461 1353 1501; x_wconf 88' lang='lat' dir='ltr'><strong>hic</strong></span> <span class='ocrx_word' id='word_1_167' title='bbox 1378 1461 1543 1511; x_wconf 80' lang='lat' dir='ltr'><strong>referens</strong></span> <span class='ocrx_word' id='word_1_168' title='bbox 1559 1490 1568 1499; x_wconf 87' lang='lat'><strong>.</strong></span> <span class='ocrx_word' id='word_1_169' title='bbox 1587 1490 1596 1498; x_wconf 94' lang='lat'><strong>.</strong></span> <span class='ocrx_word' id='word_1_170' title='bbox 1612 1490 1620 1498; x_wconf 92' lang='lat'><strong><em>.</em></strong></span> <span class='ocrx_word' id='word_1_171' title='bbox 1638 1488 1646 1497; x_wconf 88' lang='lat'><strong>.</strong></span> 
     </span>
     <span class='ocr_line' id='line_1_20' title="bbox 211 1523 1648 1580; baseline -0.002 -13"><span class='ocrx_word' id='word_1_172' title='bbox 211 1530 365 1580; x_wconf 79' lang='lat' dir='ltr'><strong>feritate</strong></span> <span class='ocrx_word' id='word_1_173' title='bbox 387 1523 517 1580; x_wconf 73' lang='lat' dir='ltr'><strong>refusa</strong></span> <span class='ocrx_word' id='word_1_174' title='bbox 544 1529 679 1567; x_wconf 86' lang='lat' dir='ltr'><strong>tradit.</strong></span> <span class='ocrx_word' id='word_1_175' title='bbox 724 1529 869 1568; x_wconf 92' lang='lat' dir='ltr'><strong>Utrum</strong></span> <span class='ocrx_word' id='word_1_176' title='bbox 894 1542 985 1568; x_wconf 84' lang='lat' dir='ltr'><strong>vero</strong></span> <span class='ocrx_word' id='word_1_177' title='bbox 1010 1530 1175 1580; x_wconf 79' lang='lat' dir='ltr'><strong>repulsos</strong></span> <span class='ocrx_word' id='word_1_178' title='bbox 1195 1542 1246 1568; x_wconf 91' lang='lat' dir='ltr'><strong>an</strong></span> <span class='ocrx_word' id='word_1_179' title='bbox 1265 1530 1396 1579; x_wconf 81' lang='lat' dir='ltr'><strong>refusa</strong></span> <span class='ocrx_word' id='word_1_180' title='bbox 1420 1527 1648 1574; x_wconf 88' lang='lat' dir='ltr'><strong>scribamus,</strong></span> 
     </span>
     <span class='ocr_line' id='line_1_21' title="bbox 213 1596 1648 1647; baseline -0.002 -11"><span class='ocrx_word' id='word_1_181' title='bbox 213 1597 405 1647; x_wconf 78' lang='lat' dir='ltr'><strong>quaestio,</strong></span> <span class='ocrx_word' id='word_1_182' title='bbox 439 1596 511 1636; x_wconf 92' lang='lat' dir='ltr'><strong>etsi</strong></span> <span class='ocrx_word' id='word_1_183' title='bbox 543 1596 595 1636; x_wconf 90' lang='lat' dir='ltr'><strong>ad</strong></span> <span class='ocrx_word' id='word_1_184' title='bbox 623 1609 837 1635; x_wconf 85' lang='lat' dir='ltr'><strong>connexum</strong></span> <span class='ocrx_word' id='word_1_185' title='bbox 872 1610 1005 1636; x_wconf 88' lang='lat' dir='ltr'><strong>rerum</strong></span> <span class='ocrx_word' id='word_1_186' title='bbox 1031 1610 1109 1637; x_wconf 91' lang='lat' dir='ltr'><strong>non</strong></span> <span class='ocrx_word' id='word_1_187' title='bbox 1135 1596 1302 1636; x_wconf 89' lang='lat' dir='ltr'><strong>multum</strong></span> <span class='ocrx_word' id='word_1_188' title='bbox 1329 1596 1483 1644; x_wconf 89' lang='lat' dir='ltr'><strong>attinet,</strong></span> <span class='ocrx_word' id='word_1_189' title='bbox 1515 1598 1648 1634; x_wconf 87' lang='lat' dir='ltr'><strong>tamen</strong></span> 
     </span>
     <span class='ocr_line' id='line_1_22' title="bbox 213 1663 1647 1715; baseline -0.002 -12"><span class='ocrx_word' id='word_1_190' title='bbox 213 1664 265 1703; x_wconf 90' lang='lat' dir='ltr'><strong>ad</strong></span> <span class='ocrx_word' id='word_1_191' title='bbox 292 1663 604 1704; x_wconf 88' lang='lat' dir='ltr'><strong>aestimationem</strong></span> <span class='ocrx_word' id='word_1_192' title='bbox 629 1664 821 1703; x_wconf 84' lang='lat' dir='ltr'><strong>librorum</strong></span> <span class='ocrx_word' id='word_1_193' title='bbox 848 1668 908 1704; x_wconf 89' lang='lat' dir='ltr'><strong>est</strong></span> <span class='ocrx_word' id='word_1_194' title='bbox 937 1668 1213 1715; x_wconf 87' lang='lat' dir='ltr'><strong>argumentum</strong></span> <span class='ocrx_word' id='word_1_195' title='bbox 1241 1677 1318 1703; x_wconf 92' lang='lat' dir='ltr'><strong>non</strong></span> <span class='ocrx_word' id='word_1_196' title='bbox 1345 1663 1647 1714; x_wconf 87' lang='lat' dir='ltr'><strong>despiciendum.</strong></span> 
     </span>
     <span class='ocr_line' id='line_1_23' title="bbox 213 1731 1646 1780; baseline -0.002 -8"><span class='ocrx_word' id='word_1_197' title='bbox 213 1732 318 1772; x_wconf 91' lang='lat' dir='ltr'><strong>Nam</strong></span> <span class='ocrx_word' id='word_1_198' title='bbox 359 1735 404 1772; x_wconf 90' lang='lat' dir='ltr'><strong>ut</strong></span> <span class='ocrx_word' id='word_1_199' title='bbox 451 1731 553 1772; x_wconf 90' lang='lat' dir='ltr'><strong>hanc</strong></span> <span class='ocrx_word' id='word_1_200' title='bbox 599 1733 901 1773; x_wconf 86' lang='lat' dir='ltr'><strong>controversiam</strong></span> <span class='ocrx_word' id='word_1_201' title='bbox 945 1733 997 1772; x_wconf 91' lang='lat' dir='ltr'><strong>ad</strong></span> <span class='ocrx_word' id='word_1_202' title='bbox 1040 1736 1189 1773; x_wconf 89' lang='lat' dir='ltr'><strong>certum</strong></span> <span class='ocrx_word' id='word_1_203' title='bbox 1233 1732 1348 1772; x_wconf 89' lang='lat' dir='ltr'><strong>finem</strong></span> <span class='ocrx_word' id='word_1_204' title='bbox 1397 1731 1646 1780; x_wconf 87' lang='lat' dir='ltr'><strong>deducamus,</strong></span> 
     </span>
     <span class='ocr_line' id='line_1_24' title="bbox 214 1799 1648 1851; baseline -0.001 -12"><span class='ocrx_word' id='word_1_205' title='bbox 214 1800 310 1850; x_wconf 79' lang='lat' dir='ltr'><strong>quid</strong></span> <span class='ocrx_word' id='word_1_206' title='bbox 337 1812 419 1839; x_wconf 89' lang='lat' dir='ltr'><strong>esse</strong></span> <span class='ocrx_word' id='word_1_207' title='bbox 446 1803 575 1850; x_wconf 85' lang='lat' dir='ltr'><strong>potest</strong></span> <span class='ocrx_word' id='word_1_208' title='bbox 602 1800 824 1851; x_wconf 78' lang='lat' dir='ltr'><strong>exoptatius</strong></span> <span class='ocrx_word' id='word_1_209' title='bbox 860 1813 980 1850; x_wconf 90' lang='lat' dir='ltr'><strong>quam</strong></span> <span class='ocrx_word' id='word_1_210' title='bbox 1007 1804 1052 1839; x_wconf 90' lang='lat' dir='ltr'><strong>ut</strong></span> <span class='ocrx_word' id='word_1_211' title='bbox 1078 1800 1211 1840; x_wconf 87' lang='lat' dir='ltr'><strong>multis</strong></span> <span class='ocrx_word' id='word_1_212' title='bbox 1241 1801 1336 1840; x_wconf 89' lang='lat' dir='ltr'><strong>locis</strong></span> <span class='ocrx_word' id='word_1_213' title='bbox 1365 1799 1406 1839; x_wconf 90' lang='lat' dir='ltr'><strong>id</strong></span> <span class='ocrx_word' id='word_1_214' title='bbox 1433 1799 1648 1838; x_wconf 83' lang='lat' dir='ltr'><strong>diiudicare</strong></span> 
     </span>
     <span class='ocr_line' id='line_1_25' title="bbox 212 1866 1647 1918; baseline -0.001 -11"><span class='ocrx_word' id='word_1_215' title='bbox 212 1868 342 1918; x_wconf 89' lang='lat' dir='ltr'><strong>liceat,</strong></span> <span class='ocrx_word' id='word_1_216' title='bbox 368 1868 676 1907; x_wconf 86' lang='lat' dir='ltr'><strong>vetustiorumne</strong></span> <span class='ocrx_word' id='word_1_217' title='bbox 703 1868 880 1908; x_wconf 90' lang='lat' dir='ltr'><strong>codicum</strong></span> <span class='ocrx_word' id='word_1_218' title='bbox 912 1883 962 1908; x_wconf 91' lang='lat' dir='ltr'><strong>an</strong></span> <span class='ocrx_word' id='word_1_219' title='bbox 989 1868 1213 1908; x_wconf 86' lang='lat' dir='ltr'><strong>recentioris</strong></span> <span class='ocrx_word' id='word_1_220' title='bbox 1239 1868 1355 1908; x_wconf 87' lang='lat' dir='ltr'><strong>lectio</strong></span> <span class='ocrx_word' id='word_1_221' title='bbox 1390 1866 1647 1918; x_wconf 84' lang='lat' dir='ltr'><strong>praeferenda</strong></span> 
     </span>
     <span class='ocr_line' id='line_1_26' title="bbox 212 1934 1648 1986; baseline -0.001 -12"><span class='ocrx_word' id='word_1_222' title='bbox 212 1934 293 1975; x_wconf 76' lang='lat' dir='ltr'><strong>sit?</strong></span> <span class='ocrx_word' id='word_1_223' title='bbox 324 1935 441 1975; x_wconf 86' lang='lat' dir='ltr'><strong>Nunc</strong></span> <span class='ocrx_word' id='word_1_224' title='bbox 466 1948 557 1974; x_wconf 84' lang='lat' dir='ltr'><strong>vero</strong></span> <span class='ocrx_word' id='word_1_225' title='bbox 584 1948 655 1986; x_wconf 92' lang='lat' dir='ltr'><strong>pro</strong></span> <span class='ocrx_word' id='word_1_226' title='bbox 682 1938 787 1974; x_wconf 85' lang='lat' dir='ltr'><strong>certo</strong></span> <span class='ocrx_word' id='word_1_227' title='bbox 814 1935 1003 1975; x_wconf 89' lang='lat' dir='ltr'><strong>habemus</strong></span> <span class='ocrx_word' id='word_1_228' title='bbox 1029 1936 1262 1975; x_wconf 89' lang='lat' dir='ltr'><strong>refundendi</strong></span> <span class='ocrx_word' id='word_1_229' title='bbox 1288 1948 1421 1975; x_wconf 85' lang='lat' dir='ltr'><strong>vocem</strong></span> <span class='ocrx_word' id='word_1_230' title='bbox 1454 1947 1648 1984; x_wconf 88' lang='lat' dir='ltr'><strong>nusquam</strong></span> 
     </span>
     <span class='ocr_line' id='line_1_27' title="bbox 212 2002 1649 2055; baseline -0.001 -13"><span class='ocrx_word' id='word_1_231' title='bbox 212 2005 252 2042; x_wconf 93' lang='lat' dir='ltr'><strong>in</strong></span> <span class='ocrx_word' id='word_1_232' title='bbox 286 2004 364 2043; x_wconf 84' lang='lat' dir='ltr'><strong>vim</strong></span> <span class='ocrx_word' id='word_1_233' title='bbox 396 2003 600 2052; x_wconf 82' lang='lat' dir='ltr'><strong>reiciendi,</strong></span> <span class='ocrx_word' id='word_1_234' title='bbox 639 2004 828 2053; x_wconf 90' lang='lat' dir='ltr'><strong>impetum</strong></span> <span class='ocrx_word' id='word_1_235' title='bbox 865 2004 1077 2055; x_wconf 84' lang='lat' dir='ltr'><strong>repellendi</strong></span> <span class='ocrx_word' id='word_1_236' title='bbox 1112 2007 1313 2054; x_wconf 85' lang='lat' dir='ltr'><strong>acceptam</strong></span> <span class='ocrx_word' id='word_1_237' title='bbox 1353 2002 1538 2051; x_wconf 82' lang='lat' dir='ltr'><strong>inveniri3</strong></span> <span class='ocrx_word' id='word_1_238' title='bbox 1578 2005 1649 2041; x_wconf 85' lang='lat' dir='ltr'><strong>aut</strong></span> 
     </span>
     <span class='ocr_line' id='line_1_28' title="bbox 212 2070 1648 2124; baseline -0.001 -13"><span class='ocrx_word' id='word_1_239' title='bbox 212 2071 371 2124; x_wconf 91' lang='lat' dir='ltr'><strong>propria</strong></span> <span class='ocrx_word' id='word_1_240' title='bbox 398 2070 678 2122; x_wconf 85' lang='lat' dir='ltr'><strong>significatione</strong></span> <span class='ocrx_word' id='word_1_241' title='bbox 708 2074 778 2110; x_wconf 92' lang='lat' dir='ltr'><strong>aut</strong></span> <span class='ocrx_word' id='word_1_242' title='bbox 806 2084 878 2122; x_wconf 91' lang='lat' dir='ltr'><strong>pro</strong></span> <span class='ocrx_word' id='word_1_243' title='bbox 903 2071 1056 2111; x_wconf 81' lang='lat' dir='ltr'><strong>reddere</strong></span> <span class='ocrx_word' id='word_1_244' title='bbox 1083 2075 1152 2118; x_wconf 84' lang='lat' dir='ltr'><strong>aut</strong></span> <span class='ocrx_word' id='word_1_245' title='bbox 1178 2071 1356 2121; x_wconf 84' lang='lat' dir='ltr'><strong>maxime,</strong></span> <span class='ocrx_word' id='word_1_246' title='bbox 1393 2072 1426 2109; x_wconf 91' lang='lat' dir='ltr'><strong>si</strong></span> <span class='ocrx_word' id='word_1_247' title='bbox 1452 2070 1648 2121; x_wconf 87' lang='lat' dir='ltr'><strong>passivum</strong></span> 
     </span>
     <span class='ocr_line' id='line_1_29' title="bbox 211 2138 1647 2191; baseline -0.001 -11"><span class='ocrx_word' id='word_1_248' title='bbox 211 2140 381 2191; x_wconf 87' lang='lat' dir='ltr'><strong>ponitur,</strong></span> <span class='ocrx_word' id='word_1_249' title='bbox 407 2153 480 2190; x_wconf 91' lang='lat' dir='ltr'><strong>pro</strong></span> <span class='ocrx_word' id='word_1_250' title='bbox 499 2139 732 2190; x_wconf 74' lang='lat' dir='ltr'><strong>protendere,</strong></span> <span class='ocrx_word' id='word_1_251' title='bbox 752 2141 920 2191; x_wconf 78' lang='lat' dir='ltr'><strong>proicere</strong></span> <span class='ocrx_word' id='word_1_252' title='bbox 945 2144 1182 2191; x_wconf 87' lang='lat' dir='ltr'><strong>usurpatam</strong></span> <span class='ocrx_word' id='word_1_253' title='bbox 1208 2140 1385 2190; x_wconf 88' lang='lat' dir='ltr'><strong>legimus.</strong></span> <span class='ocrx_word' id='word_1_254' title='bbox 1428 2138 1540 2189; x_wconf 77' lang='lat' dir='ltr'><strong>Quae</strong></span> <span class='ocrx_word' id='word_1_255' title='bbox 1559 2152 1647 2179; x_wconf 92' lang='lat' dir='ltr'><strong>cum</strong></span> 
     </span>
     <span class='ocr_line' id='line_1_30' title="bbox 210 2207 1647 2259; baseline -0.001 -12"><span class='ocrx_word' id='word_1_256' title='bbox 210 2209 267 2247; x_wconf 87' lang='lat' dir='ltr'><strong>ita</strong></span> <span class='ocrx_word' id='word_1_257' title='bbox 295 2208 384 2257; x_wconf 85' lang='lat' dir='ltr'><strong>sint,</strong></span> <span class='ocrx_word' id='word_1_258' title='bbox 411 2220 487 2247; x_wconf 92' lang='lat' dir='ltr'><strong>non</strong></span> <span class='ocrx_word' id='word_1_259' title='bbox 512 2210 641 2258; x_wconf 87' lang='lat' dir='ltr'><strong>potest</strong></span> <span class='ocrx_word' id='word_1_260' title='bbox 667 2207 774 2247; x_wconf 81' lang='lat' dir='ltr'><strong>credi</strong></span> <span class='ocrx_word' id='word_1_261' title='bbox 797 2211 954 2258; x_wconf 89' lang='lat' dir='ltr'><strong>poetam</strong></span> <span class='ocrx_word' id='word_1_262' title='bbox 980 2207 1156 2247; x_wconf 91' lang='lat' dir='ltr'><strong>hocloco</strong></span> <span class='ocrx_word' id='word_1_263' title='bbox 1175 2207 1365 2247; x_wconf 85' lang='lat' dir='ltr'><strong>vocabulo</strong></span> <span class='ocrx_word' id='word_1_264' title='bbox 1384 2208 1515 2259; x_wconf 82' lang='lat' dir='ltr'><strong>refusa</strong></span> <span class='ocrx_word' id='word_1_265' title='bbox 1533 2220 1647 2246; x_wconf 86' lang='lat' dir='ltr'><strong>usum</strong></span> 
     </span>
     <span class='ocr_line' id='line_1_31' title="bbox 212 2274 1647 2327; baseline 0 -12"><span class='ocrx_word' id='word_1_266' title='bbox 212 2289 314 2325; x_wconf 89' lang='lat' dir='ltr'><strong>esse;</strong></span> <span class='ocrx_word' id='word_1_267' title='bbox 353 2275 421 2315; x_wconf 89' lang='lat' dir='ltr'><strong>sed</strong></span> <span class='ocrx_word' id='word_1_268' title='bbox 454 2274 646 2327; x_wconf 85' lang='lat' dir='ltr'><strong>fingamus</strong></span> <span class='ocrx_word' id='word_1_269' title='bbox 681 2274 929 2316; x_wconf 84' lang='lat' dir='ltr'><strong>nihilosecius</strong></span> <span class='ocrx_word' id='word_1_270' title='bbox 963 2276 1122 2316; x_wconf 90' lang='lat' dir='ltr'><strong>subesse</strong></span> <span class='ocrx_word' id='word_1_271' title='bbox 1148 2276 1266 2316; x_wconf 88' lang='lat' dir='ltr'><strong>verbo</strong></span> <span class='ocrx_word' id='word_1_272' title='bbox 1293 2275 1524 2316; x_wconf 85' lang='lat' dir='ltr'><strong>refundendi</strong></span> <span class='ocrx_word' id='word_1_273' title='bbox 1558 2289 1647 2315; x_wconf 90' lang='lat' dir='ltr'><strong>eum</strong></span> 
     </span>
     <span class='ocr_line' id='line_1_32' title="bbox 212 2342 1647 2395; baseline 0 -12"><span class='ocrx_word' id='word_1_274' title='bbox 212 2357 365 2383; x_wconf 90' lang='lat' dir='ltr'><strong>sensum</strong></span> <span class='ocrx_word' id='word_1_275' title='bbox 372 2374 382 2393; x_wconf 95' lang='lat'><strong>,</strong></span> <span class='ocrx_word' id='word_1_276' title='bbox 410 2356 526 2394; x_wconf 89' lang='lat' dir='ltr'><strong>quem</strong></span> <span class='ocrx_word' id='word_1_277' title='bbox 554 2342 740 2384; x_wconf 89' lang='lat' dir='ltr'><strong>Vossiani</strong></span> <span class='ocrx_word' id='word_1_278' title='bbox 771 2344 966 2395; x_wconf 89' lang='lat' dir='ltr'><strong>scriptura</strong></span> <span class='ocrx_word' id='word_1_279' title='bbox 1003 2344 1178 2395; x_wconf 88' lang='lat' dir='ltr'><strong>flagitat:</strong></span> <span class='ocrx_word' id='word_1_280' title='bbox 1214 2357 1341 2384; x_wconf 88' lang='grc'>11011110</span> <span class='ocrx_word' id='word_1_281' title='bbox 1368 2345 1500 2395; x_wconf 83' lang='lat' dir='ltr'><strong>refusa</strong></span> <span class='ocrx_word' id='word_1_282' title='bbox 1525 2345 1565 2383; x_wconf 89' lang='lat' dir='ltr'><strong>in</strong></span> <span class='ocrx_word' id='word_1_283' title='bbox 1591 2347 1647 2383; x_wconf 88' lang='lat' dir='ltr'><strong>te-</strong></span> 
     </span>
     <span class='ocr_line' id='line_1_33' title="bbox 210 2411 1647 2464; baseline 0.001 -13"><span class='ocrx_word' id='word_1_284' title='bbox 210 2425 343 2452; x_wconf 88' lang='lat' dir='ltr'><strong>norem</strong></span> <span class='ocrx_word' id='word_1_285' title='bbox 370 2411 649 2451; x_wconf 88' lang='lat' dir='ltr'><strong>sententiarum</strong></span> <span class='ocrx_word' id='word_1_286' title='bbox 675 2412 799 2452; x_wconf 91' lang='lat' dir='ltr'><strong>multo</strong></span> <span class='ocrx_word' id='word_1_287' title='bbox 825 2412 954 2451; x_wconf 85' lang='lat' dir='ltr'><strong>minus</strong></span> <span class='ocrx_word' id='word_1_288' title='bbox 981 2425 1101 2463; x_wconf 89' lang='lat' dir='ltr'><strong>quam</strong></span> <span class='ocrx_word' id='word_1_289' title='bbox 1127 2413 1293 2464; x_wconf 80' lang='lat' dir='ltr'><strong>repulsos</strong></span> <span class='ocrx_word' id='word_1_290' title='bbox 1320 2412 1518 2463; x_wconf 88' lang='lat' dir='ltr'><strong>quadrare</strong></span> <span class='ocrx_word' id='word_1_291' title='bbox 1543 2412 1647 2452; x_wconf 83' lang='lat' dir='ltr'><strong>vide-</strong></span> 
     </span>
     <span class='ocr_line' id='line_1_34' title="bbox 211 2479 1646 2531; baseline 0 -12"><span class='ocrx_word' id='word_1_292' title='bbox 211 2479 305 2520; x_wconf 79' lang='lat' dir='ltr'><strong>tur?</strong></span> <span class='ocrx_word' id='word_1_293' title='bbox 331 2493 382 2520; x_wconf 90' lang='lat' dir='ltr'><strong>an</strong></span> <span class='ocrx_word' id='word_1_294' title='bbox 409 2483 592 2531; x_wconf 88' lang='lat' dir='ltr'><strong>putamus</strong></span> <span class='ocrx_word' id='word_1_295' title='bbox 619 2480 670 2519; x_wconf 86' lang='lat' dir='ltr'><strong>ad</strong></span> <span class='ocrx_word' id='word_1_296' title='bbox 697 2480 856 2520; x_wconf 89' lang='lat' dir='ltr'><strong>laudem</strong></span> <span class='ocrx_word' id='word_1_297' title='bbox 884 2493 932 2520; x_wconf 87' lang='lat' dir='ltr'><strong>ac</strong></span> <span class='ocrx_word' id='word_1_298' title='bbox 954 2480 1221 2521; x_wconf 87' lang='lat' dir='ltr'><strong>fortitudinem</strong></span> <span class='ocrx_word' id='word_1_299' title='bbox 1249 2481 1385 2521; x_wconf 85' lang='lat' dir='ltr'><strong>Aiacis</strong></span> <span class='ocrx_word' id='word_1_300' title='bbox 1412 2494 1646 2531; x_wconf 82' lang='lat' dir='ltr'><strong>exaggeran-</strong></span> 
     </span>
     <span class='ocr_line' id='line_1_35' title="bbox 211 2548 1645 2600; baseline -0.001 -12"><span class='ocrx_word' id='word_1_301' title='bbox 211 2549 303 2588; x_wconf 90' lang='lat' dir='ltr'><strong>dam</strong></span> <span class='ocrx_word' id='word_1_302' title='bbox 329 2552 434 2588; x_wconf 81' lang='lat' dir='ltr'><strong>torva</strong></span> <span class='ocrx_word' id='word_1_303' title='bbox 451 2549 605 2600; x_wconf 81' lang='lat' dir='ltr'><strong>feritate</strong></span> <span class='ocrx_word' id='word_1_304' title='bbox 623 2549 765 2600; x_wconf 80' lang='lat' dir='ltr'><strong>refusa,</strong></span> <span class='ocrx_word' id='word_1_305' title='bbox 792 2561 893 2600; x_wconf 87' lang='lat' dir='ltr'><strong>quae</strong></span> <span class='ocrx_word' id='word_1_306' title='bbox 917 2548 1038 2589; x_wconf 84' lang='lat' dir='ltr'><strong>verba</strong></span> <span class='ocrx_word' id='word_1_307' title='bbox 1055 2562 1135 2589; x_wconf 90' lang='lat' dir='ltr'><strong>non</strong></span> <span class='ocrx_word' id='word_1_308' title='bbox 1152 2552 1235 2589; x_wconf 83' lang='lat' dir='ltr'><strong>tam</strong></span> <span class='ocrx_word' id='word_1_309' title='bbox 1259 2549 1311 2589; x_wconf 90' lang='lat' dir='ltr'><strong>ad</strong></span> <span class='ocrx_word' id='word_1_310' title='bbox 1334 2562 1457 2589; x_wconf 91' lang='lat' dir='ltr'><strong>unum</strong></span> <span class='ocrx_word' id='word_1_311' title='bbox 1475 2548 1645 2599; x_wconf 87' lang='lat' dir='ltr'><strong>aliquem</strong></span> 
     </span>
     <span class='ocr_line' id='line_1_36' title="bbox 209 2614 1644 2669; baseline 0.001 -14"><span class='ocrx_word' id='word_1_312' title='bbox 209 2614 387 2667; x_wconf 86' lang='lat' dir='ltr'><strong>spectant</strong></span> <span class='ocrx_word' id='word_1_313' title='bbox 422 2629 541 2667; x_wconf 88' lang='lat' dir='ltr'><strong>quam</strong></span> <span class='ocrx_word' id='word_1_314' title='bbox 574 2617 752 2657; x_wconf 84' lang='lat' dir='ltr'><strong>universe</strong></span> <span class='ocrx_word' id='word_1_315' title='bbox 786 2617 894 2657; x_wconf 88' lang='lat' dir='ltr'><strong>dicta</strong></span> <span class='ocrx_word' id='word_1_316' title='bbox 927 2618 1042 2668; x_wconf 88' lang='lat' dir='ltr'><strong>quasi</strong></span> <span class='ocrx_word' id='word_1_317' title='bbox 1075 2620 1287 2669; x_wconf 83' lang='lat' dir='ltr'><strong>vagantur,</strong></span> <span class='ocrx_word' id='word_1_318' title='bbox 1324 2618 1448 2669; x_wconf 85' lang='lat' dir='ltr'><strong>magis</strong></span> <span class='ocrx_word' id='word_1_319' title='bbox 1486 2616 1644 2656; x_wconf 83' lang='lat' dir='ltr'><strong>consilio</strong></span> 
     </span>
    </p>
   </div>
  </div>
 </body>
</html>
