1988 2992
702 219 857 256 —33
910 240 961 245 m

116 335 271 362 versum
316 321 554 362 simillimum
600 334 648 361 ex
694 320 830 361 Aetna
843 320 874 369 1)
928 320 1097 359 carmine
1140 319 1348 369 repetitum
1396 316 1547 366 afferre,

117 394 176 430 est
200 404 256 430 vs.
287 393 333 429 11

272 481 362 508 cum
387 468 542 507 domitis
563 479 676 506 nemo
704 465 888 507 Cererem
913 465 1078 505 iactaret
1103 466 1144 504 in
1173 465 1275 504 arvis

274 537 525 586 venturisque
550 535 673 574 malas
698 534 921 584 prohiberet
945 532 1137 572 fiuctibus
1164 533 1317 572 herbas.

222 614 287 655 Sic
318 615 437 665 igitur
464 625 598 653 versus
625 616 728 652 recte
760 625 801 651 se
825 611 971 650 habere
996 611 1196 660 videntur,
1225 623 1313 650 cum
1340 613 1380 648 et
1410 608 1461 648 ad
1488 620 1549 646 co-

119 683 223 722 dices
237 683 409 732 proxime
424 682 612 721 accedant
626 684 665 720 et
680 681 822 731 optime
835 679 1121 730 intelligantur:
1142 679 1239 717 haec
1257 682 1316 717 est
1330 677 1502 718 Vahleni
1515 675 1548 727 ²)

117 750 308 788 sententia
332 750 381 788 de
408 749 559 789 difficili
584 749 682 798 1000,
712 761 882 798 quacum
908 746 1127 787 Buecheler
1141 746 1174 797 ⁸)
1200 746 1316 795 plane
1339 744 1547 793 conspirat.

204 906 230 946 ¹)
253 905 372 938 Liceat
401 904 485 937 mihi
506 905 543 936 in
572 908 768 938 transcursu
795 917 904 947 pauca
932 906 974 938 de
996 905 1120 937 Culicis
1149 915 1226 936 cum
1255 903 1369 935 Aetna
1402 902 1550 935 carmine

120 957 344 989 similitudine
366 959 540 997 annotare,
564 968 650 998 quae
671 969 741 990 non
763 960 834 990 tam
855 958 975 990 iisdem
997 957 1117 998 verbis,
1142 967 1227 997 quae
1248 955 1394 988 maxime
1415 955 1452 986 in
1472 965 1549 996 pro-

119 1009 236 1041 oemiis
259 1009 579 1050 deprehenduntur,
616 1020 717 1050 quam
751 1012 826 1042 tota
860 1010 1104 1051 compositione
1141 1009 1231 1040 inter
1266 1018 1301 1040 se
1334 1007 1550 1048 conspirante

120 1061 425 1094 diversissimorum
453 1064 730 1103 argumentorum
763 1061 920 1096 efficitur.
974 1062 1121 1103 Utrique
1157 1060 1299 1093 carmini
1329 1059 1550 1101 praemissum

120 1125 189 1146 esse
210 1114 363 1146 videmus
384 1113 606 1154 prooemium,
630 1114 724 1146 cuius
747 1114 833 1147 duae
855 1118 934 1146 sunt
954 1116 1081 1155 partes:
1105 1113 1213 1145 altera
1228 1113 1369 1145 deorum
1384 1111 1549 1143 auxilium

118 1167 338 1208 imploratur,
361 1165 470 1198 altera
490 1169 686 1207 poematum
708 1169 922 1209 argmenta,
952 1177 1039 1208 quae
1065 1169 1150 1211 tunc
1174 1165 1320 1197 maxime
1348 1164 1550 1206 pervulgata

121 1222 156 1251 et
178 1219 304 1251 usitata
327 1217 474 1257 fuerunt,
497 1221 813 1260 commemorantur,
836 1220 928 1252 unde
949 1221 1092 1260 uterque
1113 1220 1215 1259 poeta
1229 1218 1274 1250 ad
1289 1228 1425 1250 carmen
1438 1217 1550 1258 ipsum

120 1271 211 1304 viam
233 1271 296 1303 sibi
319 1269 439 1302 munit.
492 1269 593 1311 Quod
621 1271 665 1302 ad
692 1271 841 1312 priorem
862 1274 995 1313 partem
1016 1270 1175 1313 pertinet,
1204 1272 1238 1302 et
1260 1270 1297 1301 in
1311 1269 1436 1303 .Culice
1458 1271 1493 1300 et
1513 1268 1550 1300 in

118 1325 233 1355 Aetna
254 1323 402 1364 primum
423 1321 582 1354 Phoebus
604 1322 768 1356 carminis
789 1325 910 1356 auctor
931 1323 1051 1355 iisdem
1074 1322 1144 1355 fere
1166 1322 1278 1355 verbis
1307 1321 1550 1364 sententiisque

118 1375 335 1416 praedicatur
357 1376 391 1406 et
413 1374 481 1406 duo
505 1375 622 1406 eadem
644 1374 729 1415 loca,
753 1386 820 1417 quo
843 1376 974 1408 deverti
996 1375 1091 1414 solet,
1115 1375 1278 1407 continua
1294 1373 1550 1407 enumeratione

119 1427 322 1463 afferuntur:
345 1425 505 1457 Xanthus
522 1428 557 1457 et
570 1425 674 1459 Delos
697 1427 863 1469 (Asteriaz
888 1427 1018 1469 Culex),
1041 1429 1115 1459 tum
1129 1425 1269 1458 Phoebo
1286 1426 1349 1458 deo
1365 1428 1551 1458 annectun-

121 1482 179 1512 tur
207 1478 353 1510 Naiades
380 1477 503 1518 (Pierii
534 1478 645 1511 laticis
679 1480 779 1512 decus
806 1496 847 1506 =
873 1482 1059 1521 properent
1087 1490 1107 1510 a
1134 1478 1229 1510 fonte
1256 1478 1402 1519 Pierio),
1435 1480 1474 1510 ut
1507 1478 1551 1509 ad

121 1534 310 1563 extremum
333 1529 465 1562 exordii
488 1529 612 1562 Culicis
633 1534 735 1573 poeta
762 1532 947 1564 secundum
973 1534 1131 1564 naturam
1159 1530 1317 1563 carminis
1347 1530 1465 1562 Palem
1492 1530 1551 1562 ad—

122 1586 221 1616 vocet
236 1585 270 1615 et
285 1582 474 1622 Octavium,
496 1583 540 1615 ad
555 1594 655 1624 quem
673 1584 709 1617 id
730 1584 847 1624 mittit,
870 1584 1028 1617 celebret.
1070 1582 1114 1615 In
1134 1583 1300 1625 poematis
1321 1583 1412 1625 ipsis,
1435 1593 1550 1624 quam-

123 1646 224 1676 quam
246 1635 346 1668 valde
368 1634 596 1675 discrepantia
617 1638 824 1675 tractantur,
853 1636 890 1668 id
917 1636 1064 1668 maxime
1086 1636 1332 1667 attendendum
1362 1638 1413 1667 est
1433 1637 1551 1676 poetas

123 1687 332 1720 occasionem
354 1686 503 1727 arripere
525 1687 661 1720 studere
683 1688 817 1720 easdem
838 1699 937 1730 saepe
952 1687 1093 1727 fabulas,
1116 1698 1361 1729 nonnunquam
1375 1687 1412 1719 in
1431 1687 1551 1719 eodem

123 1740 251 1779 ordine,
274 1739 341 1771 toti
363 1738 531 1771 connexui
552 1738 722 1771 inserendi
743 1740 838 1772 velut
859 1740 895 1771 in
910 1740 1024 1772 Aetna
1045 1750 1092 1772 vs.
1114 1740 1250 1779 42—81,
1279 1739 1401 1780 quibus
1423 1739 1549 1771 Culicis

123 1802 170 1824 vs.
199 1791 366 1823 234—242
394 1790 616 1831 respondent,
649 1791 809 1824 continue
838 1790 1027 1824 afferuntur
1060 1790 1225 1833 Gigantes
1259 1790 1315 1833 (cf.
1344 1791 1447 1823 etiam
1474 1790 1548 1823 Cul.

122 1855 169 1876 vs.
191 1844 341 1884 27—28),
364 1843 491 1884 Tityos,
513 1843 691 1885 Tantalus3
713 1847 889 1885 praeterea
911 1843 1035 1876 Culicis
1058 1844 1223 1885 exempla,
1246 1855 1333 1885 quae
1347 1844 1419 1876 illic
1434 1846 1550 1876 monte

124 1896 345 1929 describendo
367 1895 674 1937 interrumpuntur,
696 1899 798 1939 poeta
819 1897 953 1929 Aetnae
974 1895 1106 1938 recipit,
1133 1896 1192 1928 sed
1213 1896 1263 1929 ita
1284 1898 1324 1929 ut
1345 1907 1415 1929 non
1437 1896 1551 1929 omnia

123 1949 239 1980 eadem
278 1947 406 1980 afferat.
463 1948 629 1980 Universe
662 1949 698 1980 in
730 1949 862 1981 duobus
894 1948 1099 1981 carminibus
1134 1949 1218 1981 haec
1249 1951 1400 1981 exstant:
1429 1948 1551 1981 Medea

123 1999 246 2042 (Culex
274 2000 441 2033 249—250
470 2018 511 2023 —
536 1998 651 2033 Aetna
679 2001 767 2043 596),
796 2000 988 2035 Philomela
1016 2001 1198 2043 (251-253
1225 2020 1267 2024 —
1294 2002 1381 2043 587),
1411 2000 1551 2033 Cadmei

123 2054 304 2093 (254-257
326 2071 368 2076 ——
396 2054 445 2091 17,
473 2053 546 2093 20),
579 2053 662 2084 belli
683 2052 822 2085 Troiani
844 2053 961 2092 duces,
994 2053 1139 2085 maxime
1170 2052 1323 2086 Achilles
1356 2056 1391 2086 et
1418 2053 1552 2085 Hector

123 2105 304 2144 (coo-330
325 2122 386 2125 —
407 2104 599 2144 590—594).
650 2103 748 2136 Certe
776 2105 813 2135 in
834 2106 905 2136 tam
926 2104 1039 2144 parvis
1065 2105 1230 2145 poematis
1251 2108 1389 2146 tamque
1411 2105 1551 2137 diversis

124 2155 225 2188 rebus
247 2155 331 2187 adeo
354 2155 440 2186 mira
462 2155 667 2196 conspiratio
691 2157 749 2196 est,
772 2157 812 2188 ut
834 2155 937 2198 digna
953 2155 1119 2197 videatur,
1143 2167 1228 2198 quae
1250 2156 1550 2190 animadvertatur.

208 2208 236 2249 ⁵2)
260 2219 361 2249 quam
382 2208 418 2240 in
441 2208 578 2240 exercit.
599 2208 683 2249 phil.
705 2219 734 2240 a.
759 2209 871 2250 188ss9
892 2219 971 2242 sem.
994 2209 1063 2241 hib.
1084 2209 1241 2249 protulit.

209 2259 235 2298 8)
256 2260 292 2290 in
313 2259 380 2292 Rh.
402 2259 449 2291 M.
473 2260 555 2290 1890
577 2258 781 2301 (XXXXV)
803 2271 837 2301 p.
859 2261 921 2292 325
943 2261 986 2292 de
1006 2262 1082 2292 tota
1102 2270 1140 2292 re
1160 2260 1244 2292 haec
1266 2261 1439 2301 exposuit:

249 2321 296 2344 vs·
318 2312 360 2344 20
382 2313 416 2344 et
437 2313 486 2352 tu,
509 2313 626 2344 sancta
642 2311 751 2352 Pales,
774 2312 819 2345 ad
841 2322 942 2354 quam
958 2314 1103 2346 ventura
1123 2315 1304 2345 recurrunt

379 2367 550 2407 agrestum
572 2365 663 2397 bona
685 2364 807 2406 fetura,
830 2365 874 2398 sit
896 2377 978 2400 cura
998 2366 1146 2399 tenentis

377 2417 485 2449 aerios
505 2427 683 2449 nemorum
704 2417 825 2451 cultus.

208 2480 339 2522 Sequor
370 2480 475 2512 libros
500 2482 666 2520 vetustos,
699 2480 764 2512 nisi
794 2481 886 2522 quod
916 2482 1100 2514 recurrunt
1127 2499 1170 2521 ex
1195 2479 1461 2518 Helmstadiensi
1492 2479 1550 2512 ad-

124 2533 260 2573 sumpsi,
282 2533 335 2563 illi
354 2531 511 2571 recurrit,
530 2531 649 2571 fetura
670 2542 712 2563 ex
733 2531 911 2572 Vossiano,
932 2532 984 2563 illi
1005 2542 1133 2564 secura.
1173 2527 1385 2562 ἀσύντακτον
1413 2532 1550 2572 quidem

124 2583 190 2617 hoc
212 2585 262 2616 est
283 2584 393 2625 σχῆμα
415 2584 447 2616 et
462 2583 500 2616 tu
514 2601 555 2607 —
568 2582 617 2617 sit
637 2593 729 2624 cura,
752 2583 812 2616 sed
825 2583 937 2625 σχῆμα
959 2593 1066 2625 eoque
1078 2583 1151 2625 ipso
1166 2581 1433 2624 ποιητικώτερον
1449 2593 1550 2624 quam

125 2638 158 2670 et
180 2636 241 2670 tibi
262 2636 309 2670 sit
329 2646 413 2670 cura
433 2638 494 2670 aut
514 2637 548 2670 et
570 2638 607 2670 tu
628 2646 731 2670 cures.
780 2636 898 2670 Palem
918 2638 1021 2679 poeta
1040 2636 1177 2671 invocat
1191 2638 1230 2668 ut
1245 2635 1444 2677 pastoriciae
1459 2636 1551 2669 vitae

1342 2690 1363 2719 3
