1988 2992
780 190 1034 227 —2'7—

190 292 433 341 conveniunt,
469 295 516 331 ut
553 292 634 331 sine
671 280 790 332 dubio
823 296 964 343 poetae
999 293 1268 333 obtrudendas
1307 293 1397 342 sint,
1433 293 1624 342 recentior

189 365 320 403 autem
344 373 421 409 eas,
444 373 546 410 quae
568 363 639 400 aut
660 364 706 399 ut
726 361 765 399 in
790 361 927 400 ceteris
950 360 1061 400 libris
1087 374 1232 411 pravae
1254 364 1386 400 tamen
1413 374 1438 400 a
1464 360 1621 412 propria

190 430 316 468 forma
333 427 422 478 plus
440 427 628 466 recedunt
646 430 716 466 aut
733 431 866 477 aperte
888 428 1199 478 interpolationis
1217 430 1381 479 vestigia
1396 428 1620 467 ostendunt.

294 494 411 546 Quod
452 507 572 545 quam
618 508 706 535 vere
743 494 960 535 iudicatum
998 495 1070 546 sit,
1115 499 1155 535 et
1194 496 1492 546 miainsequenti
1536 496 1621 535 loco

192 563 391 603 luculente
414 562 717 602 demonstratur.
771 563 922 604 Versus
951 565 1156 602 191—192
1183 576 1207 602 a
1233 563 1426 603 Bembino
1456 566 1495 602 et
1522 562 1623 602 Oan-

192 630 424 681 tabrigiensi
452 630 508 670 sic
531 630 746 670 traduntur

348 698 513 749 impiger
540 698 741 738 exanimus
767 698 832 737 vix
859 712 1015 753 compos
1040 702 1170 738 mente
1195 698 1339 749 refugit

351 768 391 804 et
416 766 591 805 validum
617 766 755 806 dextra
779 770 961 806 truncum
989 766 1161 806 detraxit
1183 765 1234 805 ab
1257 778 1365 805 orno.

195 845 285 871 cum
312 832 528 873 Vossianus
555 834 738 873 exhibeat
764 836 960 884 ewanimis,
987 835 1162 885 resuryit,
1198 833 1335 872 valida.
1390 833 1448 872 Ut
1476 834 1525 872 de
1550 833 1624 872 dis-

196 901 395 950 crepantia
435 903 833 941 exanimus·exanimis
868 915 945 941 non
982 901 1129 951 dicam,
1164 901 1266 940 duae
1302 903 1453 939 ceterae
1488 903 1625 939 tantae

194 971 297 1016 sunt,
334 972 392 1017 ut,
431 970 584 1008 etiamsi
621 970 774 1008 nullum
813 970 1090 1009 documentum
1121 969 1173 1008 ad
1209 972 1386 1007 nostram
1421 981 1503 1007 rem
1536 981 1624 1018 sup-

192 1035 426 1086 peditarent,
445 1039 576 1076 tamen
595 1037 724 1076 omitti
741 1049 820 1076 non
842 1036 1040 1086 deberent,
1069 1036 1138 1075 sed
1156 1049 1244 1076 cum
1263 1036 1324 1075 vel
1344 1048 1392 1074 ex
1407 1035 1456 1074 iis
1475 1034 1625 1084 aliquid

193 1103 445 1144 emolumenti
466 1090 522 1144 ad
548 1105 649 1144 hanc
676 1104 979 1155 disputationem
1001 1103 1314 1144 redundaturum
1340 1116 1423 1143 esse
1460 1115 1622 1153 sperem,

192 1174 341 1221 quanto
367 1173 490 1223 magis
517 1175 690 1212 tractatu
718 1172 857 1223 dignae
883 1171 990 1212 sunt!
1017 1171 1195 1211 Primum
1221 1172 1322 1211 enim
1348 1171 1470 1210 verba
1491 1174 1624 1222 pastor

192 1240 319 1278 valida
341 1240 477 1279 dextra
502 1245 680 1280 truncum
706 1241 869 1280 detraxit
895 1244 978 1290 aut,
1014 1241 1047 1280 si
1072 1241 1158 1290 quis
1194 1243 1430 1279 structuram
1462 1239 1625 1278 detraxit

192 1307 239 1345 ab
266 1319 357 1346 orno
382 1308 511 1347 valida
535 1307 720 1359 praefert,
743 1320 832 1347 cum
855 1320 880 1347 a
900 1308 1040 1348 ceteris
1064 1308 1173 1347 libris
1193 1308 1351 1357 distent,
1377 1307 1482 1346 ultro
1509 1318 1626 1355 quae-

194 1375 359 1413 stionem
385 1379 554 1425 movent,
590 1380 725 1415 utrum
754 1376 871 1416 huius
906 1389 957 1415 an
992 1376 1149 1415 illorum
1182 1375 1359 1414 codicum
1387 1375 1503 1414 lectio
1537 1387 1623 1413 con-

193 1441 324 1480 veniat
361 1455 494 1481 rerum
530 1444 733 1482 connexui.
787 1442 868 1493 Qui
904 1444 1121 1483 necessario
1157 1442 1308 1481 efficere
1334 1442 1489 1481 videtur
1511 1442 1625 1480 Bem-

196 1509 278 1548 bini
319 1512 359 1549 et
398 1509 734 1561 Cantabrigiensis
774 1510 1007 1561 scripturam
1044 1510 1148 1550 omni
1177 1510 1321 1549 rationi
1357 1509 1473 1560 plane
1512 1506 1625 1548 satis·

143 1569 145 1574 '
195 1576 336 1626 facere,
375 1590 475 1627 cum,
516 1578 558 1617 id
596 1578 703 1627 quod
734 1591 847 1618 nemo
874 1582 979 1618 certe
1005 1578 1250 1628 infitiabitur,
1279 1591 1356 1617 non
1383 1580 1538 1617 tantum
1568 1589 1625 1615 re-

195 1644 309 1694 ferat,
346 1648 529 1696 pastorne
564 1649 747 1685 truncum
778 1646 909 1686 valida
940 1646 1077 1686 dextra
1112 1646 1295 1685 detrahat
1326 1658 1466 1694 necne,
1504 1657 1625 1694 quan-

195 1716 281 1751 tum
316 1716 529 1753 truncusne
560 1714 713 1753 validus
748 1715 798 1754 sit
822 1727 872 1753 an
899 1715 1039 1754 debilis
1067 1718 1107 1754 et
1131 1713 1295 1766 fragilis,
1329 1714 1385 1753 ita
1411 1716 1458 1752 ut
1483 1712 1535 1752 ad
1562 1712 1625 1751 de-

195 1779 431 1819 fendendum
471 1794 549 1820 non
588 1782 728 1830 valeat,
767 1781 952 1822 Vossiani
987 1785 1120 1821 autem
1154 1782 1274 1820 verba
1310 1782 1424 1830 quasi
1458 1781 1625 1819 alienam

196 1848 394 1897 quandam
432 1852 471 1887 et
505 1849 612 1888 haud
648 1850 904 1889 necessariam
938 1849 1079 1889 afferre
1115 1849 1358 1888 sententiam.
1413 1848 1558 1898 Itaque
1586 1850 1625 1886 et

196 1916 345 1966 valida,
382 1929 461 1966 qua
497 1930 589 1957 voce
619 1921 764 1957 natura
794 1917 902 1956 haud
935 1917 1144 1967 imbecilla,
1179 1917 1231 1957 ad
1266 1916 1370 1956 hunc
1393 1916 1523 1956 locum
1548 1928 1626 1955 non

197 1983 349 2034 idonea,
386 1984 625 2035 depingitur,
665 1985 912 2024 abiciendam
942 1988 981 2024 et
1007 1985 1175 2024 validum
1199 1985 1239 2023 in
1264 1987 1415 2023 textum
1441 1984 1626 2039 recipien7

197 2051 289 2091 dam
316 2065 399 2091 esse
425 2052 514 2102 quis
542 2057 600 2092 est
636 2053 704 2102 qui
740 2051 883 2103 neget?
914 2052 1055 2102 Neque
1083 2052 1198 2092 aliter
1226 2052 1274 2091 de
1302 2051 1470 2091 lectione
1504 2064 1626 2090 resur-

195 2120 252 2171 9it
278 2119 455 2159 iudicare
479 2134 699 2171 possumus.
752 2119 894 2170 Neque
922 2120 1026 2159 enim
1052 2123 1169 2170 poeta
1197 2120 1238 2159 id
1263 2119 1467 2171 spectavit,
1492 2123 1538 2158 ut
1556 2120 1625 2158 im-

198 2187 368 2226 minente
413 2189 587 2238 periculo
624 2192 821 2240 pastorem
858 2189 1114 2228 resurrexisse
1154 2192 1224 2228 aut
1262 2188 1427 2227 iacuisse
1464 2199 1626 2225 comme-

198 2258 389 2304 moraret,
426 2268 515 2295 cum
549 2257 782 2296 vocabulum
816 2256 1045 2307 resurgendi
1070 2256 1169 2296 nihil
1197 2256 1306 2295 aliud
1333 2254 1524 2306 significet
1551 2254 1626 2292 nisi

197 2335 235 2361 se
258 2323 407 2374 eriqere,
431 2324 499 2363 sed
526 2327 572 2363 ut
599 2337 688 2364 eum
713 2324 923 2375 aufugisse,
946 2338 1023 2364 non
1050 2325 1092 2363 in
1121 2324 1256 2364 eodem
1282 2324 1368 2364 loco
1395 2323 1625 2363 remansisse

199 2394 420 2441 exponeret.
474 2391 592 2431 Nunc
627 2405 718 2432 vero
754 2393 796 2431 in
829 2395 1003 2442 tempore
1039 2406 1128 2432 eum
1162 2392 1370 2442 refugisse,
1408 2390 1623 2441 periculum

199 2457 366 2497 evitasse
391 2458 606 2498 Bembinus
642 2463 681 2499 et
708 2459 1043 2510 Oantabrigiensis
1077 2459 1305 2508 ostendunt,
1335 2458 1552 2499 Vossianus
1584 2458 1624 2496 in

200 2537 383 2576 suspenso
422 2526 621 2578 relinquit,
660 2530 705 2567 ut
741 2527 828 2567 luce
868 2527 1011 2567 clarius
1046 2526 1110 2577 sit,
1143 2530 1234 2566 utra
1268 2526 1497 2575 retineatur,
1533 2528 1624 2564 utra

198 2593 387 2633 reiciatur
414 2598 605 2646 oporteat.
659 2595 716 2635 Et
738 2607 978 2646 quamquam
1003 2594 1054 2635 ad
1080 2595 1122 2634 id
1156 2593 1487 2645 comprobandum
1516 2592 1624 2632 nullo
