1988 2992
912 188 1219 260 ⁵-14÷-

339 370 341 372 Ι
375 331 459 359 esse
486 317 654 359 formam
679 319 948 371 imperativam
973 321 1048 359 sibi
1074 321 1343 371 persuasisset,
1375 321 1609 372 particulam
1637 325 1681 370 et,
1711 331 1811 369 quae

373 388 414 426 in
432 388 551 426 talem
571 387 913 426 conformationem
937 400 1015 426 non
1042 388 1267 439 quadraret,
1295 402 1366 428 suo
1393 389 1550 439 quidem
1568 389 1653 427 iure
1670 387 1811 427 falsam
1868 433 1872 436 =

376 456 613 495 existimavit
641 470 718 495 nec·
736 457 851 495 modo
874 456 948 495 hac
973 457 1270 496 ratiocinatione
1297 458 1419 497 fretus
1442 444 1598 508 defende
1625 469 1703 495 non
1730 468 1812 494 cor-

374 524 489 573 rexit,
525 523 593 562 sed
634 527 667 561 et
706 523 746 561 in
778 524 793 561 i
825 523 1003 572 mutavit,
1038 527 1084 563 ut
1110 524 1301 563 usitatum
1328 537 1450 575 genus
1474 524 1628 564 dicendi
1655 526 1811 563 secutus

375 592 649 642 imperativum
681 591 838 642 defende
876 591 999 630 altero
1032 593 1047 630 i
1078 596 1240 643 augeret
1266 606 1312 632 ac
1347 593 1551 632 stabiliret.
1606 591 1671 632 Sic
1703 592 1811 642 origo

375 658 659 709 discrepantiae
679 659 836 709 optime,
866 658 898 697 si
923 659 1017 707 quid
1046 661 1181 710 sentio,
1209 660 1452 711 explanatur.
1490 660 1545 699 Et
1566 660 1662 699 haec
1682 658 1811 711 opinio

375 726 496 766 habet
522 726 672 776 aliquid
697 726 942 766 firmamenti.
995 727 1181 777 Legimus
1209 730 1311 780 enim
1331 729 1370 767 in
1390 727 1583 782 Vossiano
1603 727 1697 777 solo,
1723 740 1811 766 cum

375 795 495 834 ceteri
536 794 627 833 libri
668 807 800 834 omnes
841 795 1001 833 tertium
1034 808 1166 834 casum
1197 797 1334 846 puellis
1369 795 1541 845 tradant,
1579 795 1811 845 scripturam

371 863 531 913 puellas,
573 875 674 911 quae
716 862 767 901 ad
802 862 959 913 defende
999 866 1103 902 recte
1140 864 1394 902 accomodata
1425 867 1495 902 est.
1551 863 1628 903 Sed
1665 863 1697 902 si
1722 863 1811 911 quis

375 929 532 979 defende
567 941 729 978 prorsus
758 929 900 967 falsum
938 933 977 967 et
998 943 1059 968 -ex
1089 930 1253 979 deflende
1290 930 1396 968 haud
1422 931 1541 969 dubie
1567 934 1702 969 natum
1730 943 1811 968 esse

375 996 614 1045 meminerit,
652 995 840 1035 fatebitur
881 1010 928 1035 ne
966 998 1112 1047 puellas
1143 998 1300 1047 quidem
1338 998 1379 1036 in
1412 998 1621 1048 archetypo
1659 1001 1812 1036 exstare

375 1064 549 1113 potuisse
585 1068 624 1102 et
657 1078 681 1102 a
706 1064 867 1103 librario
906 1065 1121 1104 necessario
1150 1065 1330 1104 effectum
1359 1078 1453 1104 esse.
1507 1064 1620 1115 Quae
1644 1078 1733 1104 cum
1754 1066 1812 1104 ita

376 1132 466 1181 sint,
489 1132 595 1171 ultro
616 1133 809 1171 sententia
830 1145 871 1171 se
895 1132 1008 1172 offert
1030 1136 1158 1172 totum
1176 1133 1305 1172 locum
1325 1137 1507 1172 vexatum
1528 1147 1609 1173 esse
1629 1147 1653 1173 a
1672 1133 1811 1182 scriba,

376 1215 494 1250 quem
520 1213 608 1239 cum
633 1200 674 1237 in
699 1213 779 1255 una
805 1213 898 1239 voce
918 1201 1116 1253 (defende)
1142 1205 1321 1250 errasset,
1349 1201 1400 1240 ad
1427 1202 1557 1251 plures
1576 1214 1726 1240 errores
1749 1200 1812 1239 de-

375 1269 530 1319 lapsum
553 1268 671 1307 verba
699 1281 770 1307 suo
797 1269 951 1318 ingenio
979 1272 1150 1308 mutasse
1177 1282 1303 1318 neque
1330 1269 1449 1308 ullam
1477 1269 1594 1308 fidem
1625 1268 1811 1319 praebere

375 1338 504 1376 dicere
530 1349 609 1374 non
635 1335 787 1373 dubito.
843 1335 959 1385 Quod
979 1337 1030 1375 ad
1058 1336 1390 1386 comprobandum
1416 1336 1457 1375 hi
1480 1350 1612 1376 versus
1630 1340 1676 1375 ut
1694 1337 1812 1386 aptis-

376 1405 463 1443 simi
491 1416 573 1443 esse
601 1403 783 1441 videntur
809 1404 864 1442 sic
890 1416 968 1442 non
995 1405 1123 1442 minus
1150 1404 1295 1443 acriter
1318 1416 1389 1443 nos
1416 1408 1585 1453 monent,
1613 1408 1659 1443 ut
1681 1416 1812 1443 cavea-

375 1485 474 1521 mus,
516 1486 563 1510 ne
603 1471 733 1520 verba,
753 1484 872 1520 quae
916 1485 958 1510 re
990 1471 1214 1521 diligentius
1244 1471 1524 1522 circumspecta
1558 1472 1707 1511 nullam
1741 1475 1812 1511 aut

374 1552 535 1592 parvam
576 1538 849 1577 difficultatem
889 1538 1092 1589 praebent,
1133 1552 1316 1579 vexemus
1350 1540 1396 1579 'et
1427 1540 1642 1579 mutatione
1677 1539 1812 1590 depra-

376 1622 521 1648 vemus.

482 1675 617 1715 Simile
644 1666 767 1724 genus
796 1674 1044 1713 correctionis
1072 1674 1377 1725 deprehenditur
1412 1674 1451 1712 in
1494 1688 1549 1714 vs.
1590 1677 1810 1724 243—245,

378 1744 446 1793 qui
473 1744 512 1781 in
535 1742 728 1781 Bembino
757 1745 797 1780 et
824 1741 1140 1791 Cantabrigiensi

532 1810 600 1862 qui
627 1823 765 1850 saxum
792 1811 928 1861 procul
943 1814 1090 1850 -av'erso
1115 1810 1182 1860 qui
1207 1812 1339 1849 monte
1365 1809 1527 1849 revolvit

530 1879 806 1928 contempsisse
821 1878 933 1917 dolor
947 1892 1062 1928 quem
1074 1878 1234 1917 numina
1244 1878 1363 1916 vincit
1377 1877 1698 1917 acerbas-acerba
1715 1877 1749 1917 G
1764 1901 1807 1905 —

375 1949 415 1986 in
442 1946 642 1987 Vossiano
667 1946 722 1984 sic
752 1948 909 1984 exstant

531 2015 599 2065 qui
626 2026 763 2052 saxum
790 2014 926 2063 procul
953 2013 1119 2054 advorso
1140 2014 1188 2053 de
1216 2016 1348 2053 monte
1373 2013 1536 2052 revolvit

530 2081 805 2132 contempsisse
833 2080 939 2120 dolet
970 2094 1086 2131 quem
1113 2082 1270 2120 numine
1291 2081 1383 2120 vicit
1409 2081 1563 2120 acerba.

480 2150 607 2191 Culex
631 2153 825 2200 pastorem
854 2164 874 2188 e
901 2150 1035 2188 mortis
1063 2149 1234 2199 periculo
1262 2153 1438 2199 ereptum
1477 2148 1746 2199 adhortatur,
1767 2153 1812 2187 ut

375 2220 490 2259 funus
517 2219 591 2258 sibi
618 2222 729 2269 paret
755 2231 849 2256 neve
876 2217 1005 2268 ipsum
1032 2220 1194 2267 propter
1220 2217 1409 2256 auxilium
1443 2217 1610 2256 allatum
1634 2217 1811 2267 sepulcro

375 2300 507 2326 carere
530 2286 821 2337 „praedamque
841 2285 1052 2324 Charontis
1071 2286 1161 2334 agi“
1181 2286 1370 2335 patiatur.
1424 2280 1598 2323 Enarrat
1616 2298 1685 2335 per
1703 2285 1812 2323 varia

375 2356 551 2393 lucorum
576 2353 880 2393 Cimmeriorum
907 2353 958 2391 ad
986 2353 1073 2391 loca
1099 2352 1224 2390 infera
1251 2352 1427 2391 delatum
1452 2364 1493 2407 se
1521 2351 1711 2402 supplicia
1737 2353 1812 2390 sin—

376 2423 558 2473 gulorum
601 2421 882 2460 sceleratorum
922 2424 967 2458 ut
1003 2419 1144 2459 Otonis
1185 2420 1365 2459 immanis
1406 2420 1653 2470 serpentibus
1692 2419 1813 2458 vincti

375 2490 429 2542 (v.
459 2489 572 2539 234),
601 2488 813 2539 Ephialtae
839 2488 978 2527 maesti
1006 2488 1174 2534 devincti
1201 2487 1252 2539 (V.
1279 2488 1518 2540 235—236),
1552 2487 1670 2537 Tityi,
1707 2486 1811 2526 alitis

375 2571 486 2598 escae
513 2558 565 2610 (v.
583 2556 820 2609 237-238),
848 2552 1007 2613 Tantali
1029 2556 1195 2595 sitientis
1223 2560 1262 2595 et
1289 2556 1492 2596 esurientis
1515 2556 1566 2606 (v.
1585 2555 1811 2608 240—242)

374 2627 548 2678 aspicere
576 2630 754 2665 coactum
781 2638 863 2664 esse
874 2655 884 2674 ,
920 2625 1062 2675 quibus
1090 2624 1274 2674 exemplis
1300 2624 1341 2662 in
1363 2623 1619 2663 describendo
1646 2636 1812 2674 pergens
