1988 2992
767 213 1027 251 -29-

282 311 504 363 Aliquanto
535 314 780 364 gravioribus
814 314 865 354 de
900 315 1031 355 causis
1065 328 1169 354 nunc
1195 328 1231 354 v.
1260 318 1335 355 137
1363 316 1608 355 excutiamus

333 392 397 432 hio
421 406 609 444 magnum
633 407 728 445 argo
755 395 868 434 enavi
893 394 1015 435 decus
1043 394 1149 434 edita
1170 394 1287 445 pinus
1312 394 1351 434 B

180 471 212 511 0
236 470 434 522 discrepat
459 472 501 511 in
524 485 636 525 aryoe
663 473 760 522 vani,
793 471 832 510 V
851 472 893 511 in
918 485 1031 525 arqoe
1056 474 1146 512 navi
1180 476 1221 527 et
1255 473 1374 512 adita.
1428 472 1608 522 Cumque

177 539 359 590 Aryo(a)e
395 541 485 579 navi
520 540 629 580 haud
670 541 789 581 dubie
828 544 938 581 recta
974 540 1101 581 forma
1140 541 1203 591 sit,
1245 542 1457 592 scripturas
1491 540 1608 579 modo

177 606 399 646 edita-adita
434 608 733 659 perpendamus,
772 607 821 647 de
854 608 999 659 quibus
1025 609 1099 648 viri
1124 608 1231 647 docti
1256 609 1298 647 in
1321 609 1493 648 diversas
1519 620 1608 658 par-

177 678 237 714 tes
262 675 320 714 ita
345 674 617 725 discesserunt,
643 678 690 714 ut
715 675 892 726 plerique
911 677 1013 716 edita
1029 677 1255 726 retinerent,
1283 678 1398 727 pauci
1417 679 1463 715 ut
1481 675 1609 715 Baeh-

176 742 327 782 rensius
352 755 400 783 ex
423 743 532 783 adita
556 746 695 795 utpote
718 744 882 795 vestigio
907 744 1048 784 veteris
1064 744 1243 784 lectionis
1259 744 1393 784 addita
1405 743 1606 795 fingerent.

177 810 316 861 Argoa
341 812 450 851 navis
478 824 526 850 ex
550 814 647 863 pinu
674 815 899 852 constructa
925 815 965 850 et
989 812 1047 851 ita
1074 816 1263 852 exornata
1290 816 1369 862 est,
1404 816 1451 851 ut
1489 812 1608 852 arbor

177 890 257 917 non
283 878 509 929 simpliciter
534 879 647 930 quasi
668 891 855 930 magnum
881 878 1000 919 decus
1026 880 1102 920 toti
1123 880 1214 919 navi
1239 880 1386 930 addita,
1423 880 1491 919 sed
1516 892 1607 919 eam

177 958 336 995 prorsus
363 947 573 987 confecisse
600 947 777 997 putanda
803 949 874 997 sit,
910 960 1036 997 neque
1061 961 1139 987 non
1162 949 1264 987 inter
1292 961 1425 987 omnes
1456 951 1610 987 constat

176 1012 313 1064 pinum
347 1014 400 1054 ad
433 1027 552 1055 naves
586 1013 847 1055 aedificandas
882 1015 981 1055 adeo
1016 1015 1233 1055 adhibitam
1267 1015 1399 1065 fuisse,
1430 1018 1476 1054 ut
1501 1014 1607 1065 apud

176 1085 316 1132 poetas
343 1095 459 1134 saepe
484 1096 571 1122 eam
593 1096 665 1134 pro
692 1096 792 1123 nave
817 1083 904 1134 ipsa
930 1096 1014 1123 esse
1038 1087 1268 1134 usurpatam
1293 1084 1482 1134 legamus.
1527 1083 1607 1122 Ad-

178 1150 262 1190 dita
294 1163 382 1201 vox,
412 1152 446 1190 si
481 1164 506 1191 a
541 1150 740 1191 codicibus
776 1151 1008 1204 traderetur,
1041 1151 1139 1192 nihil
1169 1153 1259 1192 novi
1292 1155 1362 1193 aut
1388 1152 1606 1201 necessarii,

178 1218 246 1258 sed
271 1219 325 1269 id,
353 1219 461 1269 quod
483 1220 586 1259 male
614 1220 656 1259 in
674 1219 879 1259 consilium
902 1224 1039 1271 poetae
1064 1221 1287 1270 quadraret,
1315 1219 1481 1270 efferret,
1509 1219 1609 1259 edita

176 1290 310 1326 autem
337 1287 609 1327 convenienter
636 1287 764 1337 posita
791 1288 897 1327 omni
923 1301 971 1327 ex
997 1292 1122 1339 parte,
1149 1288 1224 1326 nisi
1246 1287 1373 1337 fallor,
1401 1286 1607 1327 satisfacit.

176 1353 314 1402 Atque
342 1367 426 1393 rem
451 1354 508 1394 ita
535 1368 576 1393 se
601 1355 746 1394 habere
770 1355 1087 1405 nonnegabimus,
1128 1356 1162 1394 si
1188 1355 1306 1394 verba
1332 1367 1514 1406 magnum
1547 1354 1608 1393 de—

174 1433 240 1459 cus
259 1421 409 1473 Aryoae
429 1423 518 1461 navi
544 1422 833 1471 quodammodo
860 1422 1040 1473 apposita
1063 1434 1146 1462 esse
1170 1422 1222 1461 ad
1246 1422 1392 1472 pinum,
1420 1433 1523 1471 quae
1545 1433 1608 1460 vo-

174 1489 315 1528 cabulo
350 1489 450 1529 edita
479 1490 608 1529 nescio
641 1502 693 1529 an
726 1502 804 1528 non
839 1490 968 1530 minus
1001 1489 1201 1529 commode
1237 1501 1357 1539 quam
1390 1490 1489 1539 alta,
1523 1501 1608 1540 pro·

175 1569 260 1596 cera
305 1557 561 1609 depingatur,
614 1557 817 1597 nobiscum
865 1558 1184 1609 reputaverimus.
1257 1556 1439 1597 Concedo
1485 1556 1609 1596 simile

178 1626 398 1676 exemplum
431 1626 547 1665 huius
587 1638 682 1665 usus
718 1626 822 1665 vocis
854 1639 932 1665 non
959 1629 1122 1676 exstare,
1159 1638 1248 1665 cum
1275 1625 1396 1664 editus
1420 1625 1608 1676 imprimis

179 1693 228 1732 de
252 1693 347 1732 locis
375 1694 542 1743 dicatur,
571 1696 746 1732 attamen
768 1693 844 1732 illis
868 1694 917 1732 de
942 1695 1069 1733 causis
1097 1697 1135 1732 et
1152 1693 1296 1742 addita,
1324 1693 1430 1742 quod
1449 1692 1608 1731 verbum

177 1761 241 1800 hic
267 1761 366 1800 nihil
390 1761 507 1811 valet,
533 1760 675 1800 falsum
702 1765 742 1801 et
767 1761 867 1801 edita
893 1761 1193 1812 praeferendum
1219 1773 1301 1800 esse
1328 1773 1478 1800 censeo.

282 1844 392 1895 Apte
418 1856 472 1883 vS.
500 1845 709 1883 213—214

333 1931 378 1966 tu
404 1928 534 1966 lentus
560 1928 711 1967 refoves
734 1927 904 1966 iocunda
930 1927 1105 1966 membra
1131 1928 1262 1976 quiete

336 1998 492 2046 ereptus
516 1995 631 2034 tetris
658 2007 679 2033 e
706 1994 883 2034 cladibus
912 2023 922 2033 .
950 2025 959 2034 .
988 2023 997 2033 .
1028 2023 1037 2033 .

179 2078 440 2128 subiciuntur,
476 2079 546 2117 ubi
582 2078 799 2118 Vossianus
837 2090 908 2127 pro
944 2078 1048 2116 tetris
1081 2077 1201 2116 habet
1236 2077 1354 2115 cetris.
1418 2076 1606 2127 Quamvis

179 2145 397 2197 scripturae
440 2147 543 2185 tetris
577 2145 728 2185 nullam
761 2143 1058 2195 ambiguitatem
1098 2143 1300 2183 inhaerere
1330 2146 1510 2195 apertum
1543 2144 1607 2193 sit,

178 2217 312 2253 tamen
338 2216 480 2253 mirum
506 2218 578 2264 est,
605 2215 763 2264 quantis
788 2213 965 2253 artificiis
992 2213 1064 2251 viri
1090 2213 1210 2262 docti,
1238 2216 1283 2252 ut
1309 2212 1543 2251 sententiam
1561 2212 1609 2251 de

179 2280 374 2324 Vossiano
401 2282 541 2322 animis
566 2281 684 2321 semel
704 2284 930 2332 conceptam
948 2280 1200 2320 defenderent
1221 2292 1268 2319 ac
1290 2279 1520 2328 stabilirent,
1547 2280 1609 2318 usi

179 2351 434 2401 depravatam
461 2351 670 2390 lectionem
697 2351 805 2389 cetris
832 2350 1025 2400 corrigere
1052 2352 1092 2388 et
1118 2348 1362 2389 emendatam
1388 2348 1428 2387 in
1455 2351 1608 2388 textum

178 2418 350 2469 recipere
387 2418 619 2458 studuerint.
681 2416 788 2456 Nam
821 2417 875 2467 id,
912 2418 1062 2467 opinor,
1097 2429 1210 2455 nemo
1245 2415 1479 2454 infitiabitur
1512 2429 1608 2454 nun-

179 2499 298 2536 quam
324 2486 505 2526 futurum
531 2486 662 2536 fuisse,
691 2489 736 2525 ut
763 2486 867 2525 tetris
892 2486 934 2524 in
959 2484 1124 2525 dubium
1149 2486 1369 2534 vocaretur,
1405 2482 1481 2523 nisi
1505 2495 1608 2522 unus

178 2553 313 2605 codeX,
340 2554 404 2594 oui
429 2553 606 2593 nonnulli
631 2553 749 2593 fidem
774 2552 995 2593 habendam
1012 2565 1094 2592 esse
1112 2552 1186 2591 sibi
1204 2555 1491 2603 persuaserunt,
1508 2551 1608 2589 illud

179 2624 286 2662 cetris
320 2623 540 2674 praeberet.
595 2621 685 2673 Quo
712 2622 753 2661 in
779 2621 880 2663 libro
906 2621 988 2662 solo
1016 2633 1170 2661 omnem
1195 2621 1373 2672 salutem,
1408 2632 1526 2660 unam
1551 2618 1608 2659 fa-
