1988 2992
763 176 915 222 -'47
967 206 1019 213 ..-

177 284 326 334 origine
353 284 539 326 Vossiani
566 299 643 325 non
670 287 840 327 multum
860 287 953 327 fidei
979 288 1101 327 habet
1127 291 1166 327 et
1193 301 1240 327 ex
1267 301 1309 328 se
1334 288 1421 339 ipsa
1446 288 1610 339 praebet

177 351 473 403 documentum,
511 366 630 404 quam
663 355 833 396 absurda
867 357 920 395 sit
949 359 989 396 et
1021 356 1087 395 vix
1112 356 1345 395 verisimilis.
1399 355 1551 397 Contra
1575 356 1610 394 si

176 418 416 461 Vossianum
445 434 494 460 ex
528 422 665 461 eodem
698 423 804 463 fonte
840 437 919 474 quo
946 427 1119 463 vetustos
1146 423 1268 462 libros
1306 428 1396 474 aut,
1433 424 1474 462 id
1501 423 1608 473 quod

177 487 273 526 mihi
298 487 457 538 quidem
479 489 604 539 magis
630 490 833 540 probatur,
860 504 907 530 ex
932 491 1125 531 Bembino
1151 479 1251 542 ipso,¹
1277 504 1393 541 quem
1412 491 1609 540 scriptura

176 555 456 605 langobardica
485 561 691 596 exaratum
716 571 799 597 esse
820 563 985 608 constat,
1014 572 1083 609 per
1101 559 1231 598 varios
1258 560 1404 609 gradus
1428 571 1609 597 manasse

175 623 396 673 statuimus,
424 635 544 672 quam
571 625 758 664 concinna
783 629 823 664 et
849 629 989 676 aperta
1015 625 1145 665 omnia
1181 626 1290 665 sunt!
1328 626 1432 665 Tum
1460 626 1608 675 optime

174 690 445 740 intelliguntur
470 691 572 730 crebo
592 693 644 731 eis
662 705 709 731 ex
726 692 890 744 mehoeis,
910 694 1046 732 nautia
1066 706 1114 732 ex
1131 694 1278 741 nantia,
1299 706 1405 731 coma
1422 706 1469 732 ex
1486 705 1606 731 roma.

174 756 267 796 Huc
294 761 449 808 spectat
474 759 642 799 alterum
675 764 966 811 argumentum,
1003 760 1110 810 quod
1145 760 1196 800 ad
1223 764 1441 799 extremum
1474 761 1607 811 paucis

175 827 380 876 attingam.
430 826 645 868 Vossianus
673 828 935 879 diphthongas
964 840 1008 866 ae
1045 831 1085 867 et
1120 840 1160 866 oe
1192 841 1343 879 semper
1370 828 1451 868 fere
1477 828 1562 868 sola
1586 841 1606 868 e

174 894 308 933 littera
343 894 502 933 exhibet
525 898 581 933 ut
610 908 646 934 v.
684 898 733 934 25
760 884 903 945 ceptis,
942 898 992 934 32
1018 895 1110 944 leta,
1138 897 1190 934 42
1217 896 1409 945 ethereus,
1445 898 1495 934 54
1519 896 1604 945 hec,

176 962 250 1000 165
277 961 424 1011 limphe
444 992 453 1001 .
475 992 484 1001 .
506 994 514 1002 .
535 992 544 1001 .
573 962 707 1012 thue
734 963 912 1002 universe
938 966 1075 1001 contra
1097 962 1200 1002 hanc
1223 963 1419 1002 scribendi
1447 975 1605 1002 consue-

173 1028 350 1068 tudinem
376 1029 482 1068 'nihil
519 1030 595 1069 dici
629 1033 780 1079 potest,
818 1031 874 1069 sic
900 1043 1180 1079 nonnunquam
1216 1043 1263 1069 ea
1294 1031 1379 1080 ipsa
1414 1030 1526 1069 illum
1557 1043 1605 1068 ex

173 1095 365 1136 Bembino
414 1097 475 1137 vel
522 1097 658 1137 eodem
705 1096 813 1137 fonte
855 1097 1097 1148 descriptum
1141 1110 1225 1137 esse
1270 1097 1398 1137 verbis
1442 1098 1605 1148 singulis

173 1164 440 1204 demonstrare
471 1165 633 1204 videtur.
683 1165 878 1215 Exempla
910 1165 1098 1206 nonnulla
1134 1169 1308 1215 exstant,
1350 1165 1491 1215 quibus
1528 1165 1605 1205 for-

172 1235 279 1271 tasse
322 1232 421 1272 illud
458 1233 748 1283 comprobatur.
804 1232 876 1273 Vs.
918 1235 992 1272 150
1008 1256 1052 1261 —
1067 1236 1140 1272 151
1179 1233 1323 1272 vetusti
1359 1233 1510 1272 codices
1549 1234 1603 1272 sic

171 1300 337 1339 tradunt

327 1371 366 1406 et
391 1380 631 1417 quamquam
654 1368 828 1417 geminas
854 1369 985 1406 avium
1009 1380 1084 1406 vox
1110 1368 1302 1417 obstrepit
1328 1380 1441 1406 aures

328 1435 402 1474 hac
421 1434 610 1484 querulae
636 1434 812 1474 referunt
833 1448 946 1475 voces
973 1436 1061 1484 quis
1088 1435 1224 1474 nantia
1250 1435 1343 1473 limo

327 1515 492 1552 corpora
516 1502 675 1553 lympha
700 1502 806 1542 fovet
1054 1507 1057 1509 ’

171 1582 260 1607 cum
285 1569 501 1610 Vossianus
532 1584 580 1609 ex
606 1583 677 1609 suo
703 1583 777 1608 usu
809 1583 880 1620 pro
905 1571 1108 1621 quaer-ulae
1133 1574 1268 1608 exaret
1299 1571 1464 1620 querulo.
1520 1570 1599 1611 Sed

171 1649 305 1675 casum
341 1638 509 1687 primum
544 1636 644 1676 falso
677 1650 702 1676 a
737 1637 849 1677 bonis
884 1636 995 1675 libris
1027 1637 1218 1675 traditum
1254 1640 1294 1675 et
1334 1636 1600 1676 parisinorum

172 1707 422 1754 exceptorum
449 1704 651 1743 lectionem
681 1705 858 1755 querulas
880 1704 1179 1754 praeferendam
1209 1718 1291 1743 esse
1318 1707 1500 1755 apertum
1527 1708 1598 1754 est,

171 1784 260 1810 cum
286 1772 383 1811 haec
410 1772 534 1811 multo
562 1773 694 1823 aptius
721 1785 810 1811 eum
837 1784 1004 1822 sensum,
1038 1784 1155 1822 quem
1185 1775 1305 1822 poeta
1331 1771 1506 1810 subicere
1537 1784 1600 1810 vo-

169 1839 256 1889 luit,
284 1840 478 1889 exprimat
503 1853 624 1889 quam
649 1840 719 1879 illa
740 1840 948 1890 scriptura.
1002 1839 1113 1879 Sicut
1139 1839 1260 1889 igitur
1283 1852 1331 1878 ex
1362 1838 1469 1892 fonte
1496 1852 1598 1878 com-

169 1908 278 1946 muni
304 1906 487 1947 Bembini
521 1911 561 1946 et
588 1907 920 1957 Oantabrigiensis
957 1906 1109 1947 scribae
1134 1907 1311 1958 querulas
1344 1906 1484 1946 litteris
1519 1907 1599 1945 sive

168 1975 393 2014 inaccurate
421 1976 576 2026 scriptis
612 1977 690 2015 sive
722 1976 802 2014 iam
836 1979 921 2014 tum
947 1975 1170 2025 depravatis
1205 1974 1481 2013 intellexerunt
1514 1987 1599 2025 que-

167 2042 287 2091 rulae,
316 2043 370 2081 sic
391 2042 574 2083 Vossiani
599 2042 784 2082 librarius
808 2043 911 2082 hanc
929 2042 1071 2081 falsam
1089 2041 1293 2081 lectionem
1312 2045 1467 2081 secutus
1486 2042 1598 2091 diph-

168 2109 314 2160 thonga
340 2123 383 2149 ae
414 2110 500 2150 sola
524 2110 657 2150 littera
677 2124 695 2150 e
721 2123 906 2162 expressa
932 2122 1005 2160 pro
1032 2113 1142 2149 recta
1164 2108 1291 2148 forma
1317 2121 1482 2159 pravam
1514 2121 1614 2171 que-¹

166 2177 250 2216 ναῖε
275 2177 483 2217 tradidisse
507 2178 706 2229 putandus
733 2181 804 2218 est.
857 2177 965 2218 Nam
991 2178 1079 2227 quis
1107 2178 1185 2216 duo
1217 2177 1447 2227 apographa
1481 2177 1597 2227 plane

167 2244 321 2284 diversa
357 2244 493 2284 eodem
527 2246 726 2285 laborasse
760 2246 900 2285 mendo
937 2243 1174 2285 crediderit?
1214 2244 1279 2283 Me
1314 2244 1434 2295 igitur
1469 2244 1596 2284 iudice

168 2311 353 2353 Vossiani
380 2313 509 2353 scriba
535 2314 643 2353 nulla
668 2312 748 2353 alia
774 2326 817 2352 re
844 2313 919 2353 nisi
945 2313 1081 2353 eodem
1111 2312 1218 2352 fonte
1250 2325 1328 2363 quo
1357 2312 1596 2362 antiquiores

166 2380 317 2419 codices
344 2380 539 2420 fluxerunt
572 2381 624 2420 ad
651 2381 817 2419 eandem
844 2383 1056 2421 sententiae
1083 2381 1375 2431 perversitatem
1409 2381 1596 2430 pervenit.

167 2446 357 2486 Similiter
383 2460 423 2486 se
448 2447 594 2487 habere
616 2448 771 2487 videtur
797 2461 852 2487 vs.
880 2451 930 2487 32

321 2528 398 2555 non
424 2515 621 2566 perfossus
643 2516 776 2555 Athos
803 2528 873 2555 nec
899 2527 1041 2566 magno
1068 2515 1222 2554 vincula
1244 2516 1365 2565 ponto

319 2583 425 2623 laeta
447 2596 533 2623 meo
560 2586 752 2635 quaerent
775 2583 855 2623 iam
883 2595 972 2622 sera
999 2582 1193 2622 volumine
1217 2581 1376 2620 famam.
