1988 2992
789 203 849 216 -—
902 173 1056 226 41'—

212 290 365 329 ratione
380 289 531 329 codices
550 302 649 329 saec.
668 289 768 347 XV,
788 303 907 341 quam
929 292 962 330 si
980 294 1168 341 tenemus,
1187 291 1452 331 condicionem
1462 290 1647 331 Vossiani

213 371 291 397 non
327 359 452 408 magis
474 370 610 407 quam
646 358 976 399 Helmstadiensis
1018 359 1249 403 mirabimur
1289 362 1328 398 et
1367 359 1646 409 discrepantias

213 438 290 465 non
317 428 401 464 tam
426 438 472 464 ex
499 425 577 464 alio
605 425 713 465 fonte
740 439 857 477 quam
885 440 933 466 ex
957 427 1218 477 interpolandi
1241 427 1371 466 studio
1397 426 1647 466 librariorum

215 493 505 545 explicabimus.

320 564 355 600 2.
385 558 554 600 Etiamsi
589 561 676 611 quis
705 575 772 612 ea,
811 575 913 612 quae
949 562 998 601 de
1033 562 1274 612 temporibus
1311 562 1489 601 codicum
1516 565 1648 611 protu-

215 629 345 679 limus,
371 642 502 668 secum
527 630 780 680 reputaverit,
808 633 940 669 tamen
968 630 1157 669 iudicium
1184 631 1232 669 de
1259 630 1455 670 Vossiano
1483 643 1508 668 a
1535 629 1647 668 nobis

215 696 363 736 factum
389 696 491 735 iuste
517 696 557 735 in
584 696 749 737 dubium
774 702 950 748 vocaret,
984 699 1017 737 si
1041 699 1082 737 in
1104 697 1239 738 Oulice
1269 698 1439 737 carmine
1467 698 1549 737 solo
1574 697 1649 736 hae

216 767 276 804 tot
330 767 541 814 tantaeque
587 764 848 816 differentiae,
904 779 1070 816 quarum
1115 769 1154 804 et
1196 765 1459 805 Baehrensius
1502 765 1648 804 multas

216 833 407 883 genuinae
427 833 641 883 scripturae
666 833 809 873 indicia
829 837 868 872 et
888 846 958 873 nos
977 834 1164 885 plurimas
1184 834 1465 872 emendationis
1484 832 1647 882 vestigia

216 913 300 939 esse
339 899 567 950 statuimus,
601 904 813 940 exstarent.
864 901 971 941 Nam
997 902 1031 941 si
1059 902 1099 940 in
1126 901 1287 952 reliquis
1315 901 1513 951 operibus,
1549 914 1649 951 quae

216 968 255 1006 in
269 967 461 1009 Vossiano
481 968 722 1019 exhibentur,
742 970 839 1008 haec
856 973 999 1009 natura
1018 969 1161 1008 codicis
1185 982 1261 1008 non
1281 969 1647 1019 deprehenderetur,

217 1036 284 1075 sed
326 1035 522 1076 nonnullis
561 1037 743 1076 nimirum
779 1037 929 1077 mendis
969 1037 1140 1088 exceptis
1177 1037 1363 1076 lectiones
1392 1050 1481 1075 cum
1509 1036 1646 1076 ceteris

215 1104 328 1144 libris
359 1105 635 1156 conspirarent,
663 1110 766 1145 certe
799 1107 924 1156 quivis
947 1106 1156 1161 miraretur
1182 1118 1253 1144 1166
1278 1105 1482 1145 librarium
1509 1105 1550 1144 in
1573 1105 1647 1144 hoc

217 1184 295 1210 uno
330 1175 512 1222 poemate
550 1172 821 1224 interpolando
858 1165 1098 1223 substitisse,
1140 1173 1291 1223 reliqua
1322 1186 1413 1212 vero
1447 1173 1575 1212 omnia
1608 1173 1648 1210 in

217 1239 371 1288 integro
394 1239 596 1289 reliquisse
623 1241 824 1290 probabile
848 1244 1018 1291 putaret.
1068 1240 1248 1290 Cumque
1269 1242 1324 1290 is,
1353 1241 1420 1290 qui
1444 1241 1501 1279 ita
1528 1241 1645 1279 ratio-

218 1307 434 1357 cinaretur,
480 1307 521 1345 in
556 1307 642 1347 iure
676 1311 799 1358 esset,
834 1321 936 1347 nunc
971 1321 1047 1347 non
1083 1309 1232 1357 omnia,
1270 1322 1370 1359 quae
1405 1310 1647 1358 pertractare

219 1376 379 1425 longum
405 1379 477 1424 est,
507 1376 574 1414 sed
602 1376 679 1415 duo
708 1376 875 1415 maxime
903 1377 1086 1426 carmina,
1115 1379 1308 1426 quatenus
1332 1377 1384 1416 ad
1411 1376 1649 1417 Vossianum

219 1443 435 1494 pertinent,
472 1447 651 1483 excutere
687 1444 728 1483 in
763 1444 892 1483 animo
925 1444 1071 1493 habeo,
1110 1447 1200 1482 sunt
1226 1443 1338 1494 Copa
1373 1447 1413 1483 et
1440 1443 1648 1482 Moretum.

220 1512 308 1551 Iam
336 1525 455 1563 supra
482 1513 865 1552 commemoravimus
887 1513 1169 1552 Baehrensium
1194 1512 1300 1563 quod
1323 1512 1363 1551 in
1385 1511 1519 1552 Culice
1545 1512 1648 1552 idem

220 1581 260 1617 in
289 1579 398 1630 Oopa
431 1580 618 1619 iudicium
645 1581 699 1619 'de
723 1581 797 1619 hoc
820 1579 920 1619 libro
948 1579 1082 1620 fecisse
1117 1581 1477 1631 praestantiamque
1500 1584 1649 1620 ceteros

222 1661 352 1687 omnes
387 1648 537 1688 codices
573 1649 685 1699 longe
721 1651 969 1698 superantem
1006 1649 1041 1687 ei
1067 1648 1263 1688 tribuisse.
1312 1647 1531 1698 Propterea
1558 1661 1650 1687 non—

222 1715 349 1754 nullos
384 1716 490 1755 locos
527 1715 709 1766 afferam,
743 1716 885 1766 quibus
910 1716 1046 1755 eadem
1072 1716 1324 1766 interpolatio
1352 1716 1649 1755 demonstretur.

325 1784 375 1823 In
401 1785 511 1824 initio
538 1784 672 1836 Copae
698 1785 737 1824 in
766 1785 943 1824 omnihus
969 1783 1050 1823 fere
1074 1784 1184 1823 libris
1209 1797 1264 1824 vs.
1295 1787 1319 1823 8
1346 1785 1401 1823 616

380 1866 419 1901 et
444 1862 599 1902 triaclia
620 1863 767 1903 umbris
796 1862 939 1913 frigida
965 1862 1251 1902 harundinibus

222 1940 372 1979 trichila
398 1941 608 1981 deteriores

222 2023 262 2062 in
291 2023 485 2064 Vossiano

379 2105 419 2141 et
445 2103 598 2143 triaclia
624 2102 772 2142 umbris
800 2102 943 2154 frigida
966 2102 1218 2142 harundineis

225 2192 411 2241 scriptum
432 2192 608 2243 legimus,
636 2194 675 2231 in
694 2192 771 2232 illis
790 2193 1035 2243 deperditam
1050 2193 1295 2243 scripturam,
1315 2205 1402 2231 cum
1420 2191 1654 2230 alterutrum

225 2259 457 2298 vocabulum
484 2273 566 2300 esse
594 2263 774 2310 oporteat
800 2260 1044 2309 adiectivum,
1070 2260 1110 2298 in
1133 2259 1207 2298 hoc
1233 2259 1441 2299 lectionem
1459 2259 1511 2298 ad
1535 2263 1656 2298 struc—

224 2330 356 2366 turam
382 2328 686 2368 accomodatam.
727 2327 842 2367 Duae
874 2328 959 2367 viae
987 2328 1269 2367 emendationis
1293 2331 1449 2377 patent:
1479 2331 1549 2367 aut
1578 2340 1657 2365 um-

224 2395 301 2433 bris
325 2394 572 2434 harundineis
592 2396 667 2448 (V)
687 2399 758 2435 aut
785 2395 967 2434 umbrosis
993 2394 1229 2447 (umbriferis
1255 2396 1465 2434 deteriores
1491 2396 1656 2442 codices)

224 2463 503 2504 harundinibus
530 2464 748 2504 scribimus.
795 2463 986 2515 Nonnego
1011 2463 1152 2503 umbris
1171 2463 1417 2503 harundineis
1443 2462 1519 2502 dici
1545 2465 1656 2513 potu-

225 2532 314 2581 isse,
343 2532 417 2571 etsi
439 2533 608 2572 elocutio
629 2545 704 2571 non
728 2532 885 2583 elegans
905 2537 976 2582 est,
1002 2533 1082 2582 sed,
1110 2533 1151 2572 id
1174 2532 1278 2582 quod
1297 2532 1457 2570 maximi
1476 2530 1657 2581 ponderis

227 2604 298 2650 est,
325 2601 375 2641 ad
403 2614 489 2641 eam
516 2600 799 2641 defendendam
825 2604 896 2641 aut
922 2601 1075 2640 hiatum
1096 2604 1269 2640 statuere
1288 2603 1370 2649 aut,
1397 2602 1441 2638 ut
1458 2598 1657 2638 Baehren-
