1988 2992
794 236 1053 272 -19—

209 329 342 391 Quid?
377 352 429 378 an
454 336 640 378 Vossiani
678 337 817 386 verba,
859 349 981 387 quae,
1022 338 1198 387 quamvis
1230 336 1338 376 haud
1377 337 1511 386 inepta
1545 336 1635 383 sint,

208 413 339 448 tamen
372 392 422 445 ne
448 404 575 456 specie
604 404 761 454 quidem
787 404 1129 444 verisimilitudinis
1155 404 1373 455 probantur
1386 434 1396 453 ‚
1432 403 1484 443 ad
1508 403 1638 442 locum

208 473 425 513 sanandum
450 470 735 511 adhibeamus?
769 471 910 522 Neque
949 472 1376 523 eninmpraestantiora
1412 483 1531 522 quam
1567 469 1636 508 illa

208 545 311 591 sunt,
353 544 399 579 ut
438 540 499 580 vel
533 541 692 579 minima
722 539 838 579 laude
874 543 1036 579 careant
1070 536 1260 590 nobisque
1294 539 1368 579 hac
1394 540 1546 578 ratione
1573 538 1638 577 vix

209 608 471 661 persuadeant
509 609 625 648 unius
664 608 755 652 libri
795 608 1017 646 testimonio
1056 606 1159 645 fulta
1201 611 1418 647 ceterorum
1458 606 1636 646 codicum

207 677 363 716 lectioni
395 675 652 726 praeferenda
675 689 770 726 esse,
797 687 937 726 neque,
964 675 1005 714 id
1031 674 1137 725 quod
1163 675 1323 714 maximi
1351 679 1411 714 est
1438 675 1635 723 momenti,

209 744 423 794 quidquam
458 744 716 783 dubitationis
753 743 903 792 haeret,
944 743 1038 793 quin
1073 742 1230 782 aliunde
1264 755 1402 782 revera
1437 742 1634 781 fluxerint.

209 810 338 861 Quam
359 814 405 849 ut
423 811 549 862 plane,
578 812 611 850 si
638 811 701 850 cui
727 814 799 860 est,
827 810 976 859 tollam,
1004 808 1125 849 affero
1149 809 1247 849 duos
1273 809 1379 848 locos
1406 822 1454 848 ex
1469 808 1636 860 Vergilii

207 877 441 917 carminibus
466 877 726 929 depromptos,
754 878 806 917 ad
824 891 922 928 quos
946 877 1132 919 Vossiani
1151 877 1269 917 verba
1293 876 1535 917 conformata
1552 865 1635 916 esse

207 944 456 985 manifestum
483 949 562 985 est:
591 945 733 997 Georg.
761 945 785 984 I
812 948 887 985 280

896 1017 982 1052 tum
1007 1016 1125 1063 partu
1150 1012 1274 1052 Terra
1301 1013 1469 1052 nefando

363 1080 588 1131 Coeumque
614 1080 872 1132 Iapetumque
897 1083 1004 1119 creat
1030 1092 1263 1130 saevumque
1289 1079 1470 1131 Typhum

365 1152 406 1188 et
432 1150 657 1189 coniuratos
683 1149 834 1189 caelum
859 1148 1080 1188 rescindere
1106 1148 1260 1189 fratres.

207 1216 311 1254 Aen.
339 1215 387 1254 II
414 1218 489 1255 582

366 1283 430 1323 hic
456 1287 497 1323 et
522 1283 690 1324 Aloidas
715 1284 890 1334 geminos
917 1283 1103 1323 immania
1128 1283 1208 1323 vidi

361 1363 535 1402 corpora,
560 1352 630 1401 qui
656 1351 835 1391 manibus
862 1364 1047 1402 magnum
1068 1350 1288 1390 rescindere
1316 1350 1469 1390 caelum

362 1420 544 1469 aggressi.

310 1486 379 1525 Ab
393 1486 567 1525 hocloco
583 1499 659 1525 non
674 1486 947 1536 disiungantur
960 1487 1091 1536 verba,
1116 1499 1216 1536 quae
1234 1487 1409 1537 proxime
1427 1487 1633 1537 insequun-

206 1557 282 1603 tur,
298 1554 450 1604 quibus,
466 1554 541 1593 etsi
553 1554 676 1593 multo
690 1554 813 1593 multo
828 1553 1023 1593 diffieilior
1037 1553 1083 1593 fit
1097 1554 1341 1605 disceptatio,
1367 1558 1499 1593 tamen
1513 1554 1633 1593 ambi-

206 1634 308 1671 guae
328 1623 431 1660 vocis
449 1635 523 1661 usu
537 1621 767 1661 excutiendo
794 1622 858 1660 vix
885 1621 1099 1672 quidquam
1125 1622 1370 1672 relinquatur
1395 1622 1515 1672 dubii,
1538 1623 1633 1672 quin

207 1690 463 1729 vetustiorum
488 1689 677 1729 librorum
703 1689 818 1729 lectio
844 1689 1108 1740 praestantior
1134 1690 1195 1733 sit.
1249 1690 1325 1730 Est
1350 1703 1482 1730 versus
1510 1693 1585 1730 248

363 1761 482 1808 atque
508 1757 606 1797 alias
629 1757 707 1796 alio
735 1758 873 1797 densas
895 1770 1011 1807 super
1038 1758 1193 1807 agmine
1220 1761 1370 1797 turmas

205 1825 274 1864 ubi
284 1824 499 1867 Vossianus
513 1825 642 1864 turbas
655 1825 789 1864 habet.
810 1824 887 1865 Oui
895 1825 1119 1875 depravato,
1133 1838 1222 1865 cum
1235 1839 1313 1865 non
1328 1826 1632 1876 interpretando,

207 1892 274 1931 sed
300 1892 528 1942 corrigendo
555 1892 670 1931 modo
699 1892 970 1943 opitulandum
996 1894 1058 1942 sit,
1096 1893 1164 1932 lux
1190 1894 1316 1943 prima
1351 1892 1510 1942 affulsit,
1545 1906 1633 1932 cum

205 1959 406 2012 Hauptius
418 1973 551 2011 supero
569 1973 639 2011 pro
658 1973 780 2011 super,
799 1973 917 2011 quam
935 1960 1098 2000 eandem
1112 1959 1499 2000 sententiamBirtius
1517 1962 1633 2012 scrip-

204 2031 294 2067 tura
327 2042 459 2080 sequor
487 2028 595 2067 haud
626 2028 728 2067 male
764 2029 965 2078 praebuit,
1002 2029 1223 2068 emendavit
1260 2028 1632 2079 fundamentumque

204 2098 287 2134 tam
313 2095 453 2135 stabile
483 2095 599 2134 huius
625 2094 794 2134 difficilis
819 2095 895 2135 loci
921 2096 1024 2145 iecit,
1060 2100 1104 2135 ut
1136 2109 1251 2135 sensu
1278 2098 1374 2135 satis
1397 2096 1631 2135 adumbrato

203 2174 250 2201 ac
285 2162 441 2202 firmato
468 2175 546 2201 non
575 2162 653 2201 iam
684 2164 761 2201 arti
792 2163 950 2202 criticae
982 2163 1205 2202 incumbere
1238 2176 1443 2213 cogamur,
1480 2163 1547 2202 sed
1579 2164 1631 2202 ad

202 2230 444 2281 propositum
481 2230 609 2281 ipsum
642 2230 804 2280 aggredi
830 2230 1031 2282 possimus.
1085 2230 1240 2269 Pendet
1264 2234 1398 2270 autem
1429 2230 1477 2269 de
1515 2230 1631 2270 libro—

202 2311 291 2336 rum
327 2298 599 2338 aestimatione
634 2297 809 2348 quaestio
848 2298 911 2337 hic
949 2312 997 2337 ex
1034 2297 1315 2349 significatione
1352 2298 1631 2338 vocabulorum

203 2366 457 2406 turma-turba
495 2369 676 2406 accurate
720 2366 987 2418 ponderanda.
1055 2364 1167 2416 Quae
1203 2370 1249 2406 ut
1283 2369 1502 2417 statuatur,
1544 2379 1631 2418 pro—

203 2432 452 2474 ficiscendum
489 2447 570 2474 esse
598 2434 751 2474 videtur
780 2448 805 2474 a
836 2434 996 2486 propria
1030 2434 1069 2474 vi
1095 2435 1199 2474 vocis
1228 2439 1371 2474 turma:
1400 2435 1529 2477 Varro
1552 2434 1578 2473 1.
1604 2435 1630 2473 1.

204 2500 244 2543 V
270 2502 381 2554 16191
424 2502 519 2542 dicit
565 2506 716 2552 „turma
748 2502 889 2543 terima
922 2502 1028 2554 quod
1061 2502 1214 2543 terdeni
1249 2502 1400 2553 equites
1432 2515 1480 2542 ex
1506 2502 1630 2542 tribus

202 2569 384 2610 tribubus
398 2570 641 2620 Titiensium,
660 2571 882 2621 Ramnium‚
896 2571 1092 2610 Lucerum
1109 2570 1292 2610 fiebant.“
1333 2571 1476 2610 Festus
1496 2584 1534 2621 p.
1554 2573 1628 2609 353

205 2639 399 2686 „turmam
431 2638 607 2689 equitum
642 2638 788 2679 dictam
813 2651 895 2678 esse
922 2637 1125 2679 Curiatius
1157 2639 1272 2689 quasi
1296 2640 1487 2688 terimam,
1524 2637 1630 2688 quod

1405 2700 1445 2734 8*
