1988 2992
861 193 1121 229 -24—

270 294 449 345 quamvis
474 308 552 335 non
579 295 697 347 plane
721 296 780 336 ita
807 295 1074 336 conformatus
1096 296 1160 346 sit,
1184 299 1317 337 tamen
1343 309 1434 336 cum
1458 296 1527 337 illo
1552 299 1709 336 tantum

270 362 394 402 habet
429 363 718 413 similitudinis,
754 367 800 403 ut
827 364 958 404 omitti
993 377 1071 403 non
1104 364 1260 404 debeat.
1320 364 1398 404 Est
1428 364 1470 404 in
1505 367 1579 404 sat.
1612 363 1636 403 Ι
1671 366 1708 413 5,

271 432 428 470 67-68

427 510 516 538 ecce
539 497 641 538 alius
668 501 818 549 quanto
845 499 1019 551 porrexit
1044 511 1246 538 murmure
1271 512 1413 550 panem

427 566 492 605 vix
518 566 700 617 fractum,
729 567 877 608 solidae
899 567 980 607 iam
1005 567 1164 607 mucida
1190 566 1319 608 frusta
1345 567 1496 607 farinae

269 634 339 675 ubi
377 638 495 687 poeta
531 635 581 675 de
615 634 733 687 cibis,
775 636 843 686 qui
877 635 1062 687 parasitis
1099 638 1369 687 apponuntur,
1409 635 1594 687 loquitur.
1657 634 1708 674 In

269 704 536 743 controversia
573 707 664 744 sunt
689 704 809 744 verba
840 717 982 755 panem
1021 706 1085 744 vix
1114 705 1308 755 fractum,
1346 717 1459 754 quae,
1495 704 1568 743 etsi
1603 703 1708 743 omni
1772 725 1776 728 »

269 771 501 812 difficultate
519 776 665 823 carent,
684 772 932 812 nihilosecius
950 772 1002 812 ab
1020 772 1297 823 interpretibus
1314 784 1549 823 magnopere
1566 774 1708 811 vexata

269 843 372 889 sunt,
401 853 493 879 nam
514 841 622 880 haud
645 841 761 891 pauci
790 841 831 879 in
855 840 904 880 iis
932 840 1172 891 explicandis
1201 840 1511 889 elaboraverunt,
1541 840 1609 884 sed
1639 840 1708 879 alii

268 907 389 946 aliam
409 908 724 958 explanationem
741 908 799 947 ita
814 908 1074 959 protulerunt,
1093 911 1140 946 ut
1158 908 1428 958 depromerent
1442 906 1706 957 artificiosam,

269 975 484 1026 simplicem
514 975 774 1026 neglegerent.
835 974 968 1025 Quare
1001 975 1178 1026 plerique
1213 979 1362 1016 rectam
1399 975 1632 1015 sententiam
1665 975 1707 1014 in

268 1042 452 1093 ambiguo
487 1042 754 1093 reliquerunt,
789 1044 934 1083 nedum
960 1047 1142 1083 accurate
1177 1043 1455 1094 expresserint,
1492 1044 1622 1095 potius
1660 1056 1707 1082 ea

267 1110 433 1160 ratione,
461 1122 582 1160 quam
605 1110 769 1161 ingressi
794 1114 898 1161 sunt,
926 1110 1033 1151 facili
1058 1111 1144 1151 loco
1170 1111 1332 1151 umbras
1359 1111 1606 1152 obduxerunt
1624 1123 1706 1150 sen-

268 1191 435 1228 sumque
460 1178 620 1218 subesse
647 1179 866 1228 voluerunt,
901 1180 969 1229 qui
998 1192 1215 1219 connexum
1240 1192 1371 1218 rerum
1396 1192 1522 1229 aeque
1556 1192 1604 1218 ac
1631 1179 1706 1217 sin-

268 1259 353 1286 cere
385 1245 605 1297 inspicienti
631 1258 710 1286 non
740 1259 855 1299 posse
879 1246 1046 1287 videtur.
1102 1246 1216 1287 Unus
1248 1246 1523 1287 tantummodo
1555 1246 1705 1298 Ruper-

268 1315 348 1353 tius
363 1315 395 1366 1)
424 1327 510 1353 eam
537 1314 642 1353 viam
669 1318 826 1354 secutus
858 1318 930 1364 est,
959 1328 1038 1365 qua
1063 1316 1160 1365 quid
1186 1316 1308 1356 verba
1343 1315 1564 1355 necessario
1590 1315 1706 1365 signi-

267 1382 430 1422 ficarent
474 1382 706 1422 enucleavit.
769 1382 835 1423 Sic
875 1384 979 1423 enim
1018 1383 1114 1423 dicit
1152 1383 1239 1432 „vix
1279 1383 1447 1423 fractus:
1490 1395 1607 1433 quem
1642 1382 1706 1421 vix

268 1450 414 1501 frangit
441 1454 481 1490 et
507 1451 699 1501 frangere,
727 1452 870 1491 nedum
897 1465 1029 1491 secare
1055 1452 1186 1502 potuit
1213 1452 1264 1491 ob
1293 1451 1518 1491 duritiem“.

314 1510 316 1512 ³
372 1517 509 1568 thue
540 1518 740 1557 Iuvenalis
772 1519 828 1558 sic
864 1518 1011 1558 Culicis
1039 1519 1125 1558 loco
1160 1519 1257 1557 haec
1291 1519 1488 1569 participii
1514 1519 1571 1556 vis
1605 1517 1706 1557 bene

266 1586 478 1636 accipitur,
517 1589 581 1636 ut,
618 1587 652 1626 si
688 1599 766 1626 non
798 1600 918 1626 vanas
953 1586 1115 1626 umbras
1142 1590 1181 1625 et
1204 1586 1393 1636 imagines
1421 1589 1603 1636 captare,
1638 1585 1705 1624 sed

267 1666 403 1692 verum
429 1653 558 1704 ipsum
585 1657 766 1694 excutere
793 1654 1007 1704 studemus,
1042 1657 1148 1694 recte
1181 1654 1284 1693 vocis
1311 1655 1528 1692 inexcusszas·
1555 1656 1706 1692 senten-

267 1723 363 1762 tiam
395 1723 440 1773 is,
477 1724 543 1774 qui
570 1724 693 1762 excuti
719 1736 795 1762 non
825 1727 945 1774 potest
983 1726 1185 1763 teneamus
1216 1725 1335 1772 atque
1369 1723 1427 1761 ita
1459 1734 1538 1760 non
1579 1720 1705 1760 solum

267 1790 506 1841 depravatae
543 1791 721 1830 codicum
758 1792 996 1842 scripturae,
1032 1804 1167 1830 verum
1200 1790 1320 1830 etiam
1346 1790 1423 1829 toti
1457 1788 1584 1828 tenori
1616 1788 1704 1827 sub-

265 1859 478 1898 veniamus.
542 1859 735 1898 Attamen
769 1872 915 1909 versus,
952 1872 1050 1909 quos
1080 1862 1315 1908 tractamus,
1343 1857 1522 1908 pluribus
1554 1856 1703 1896 mendis

265 1926 463 1976 inquinati
490 1930 594 1976 sunt,
622 1930 775 1966 restant
801 1927 880 1966 duo
908 1927 988 1966 alia
1013 1926 1259 1975 alterumque
1286 1920 1569 1976 gravissimum,
1598 1924 1703 1974 quod

266 1998 461 2044 quantum
492 1994 544 2034 sit
580 2008 628 2034 ex
663 1995 777 2045 copia
814 1995 1128 2034 coniecturarum
1159 1994 1410 2044 intelligitur,
1453 1994 1539 2033 dico
1571 1992 1702 2042 verba,

266 2075 369 2113 quae
395 2062 611 2102 Bembinus
636 2066 676 2102 et
702 2062 1039 2113 Cantabrigiensis
1065 2062 1120 2102 sic
1146 2062 1333 2102 exhibent
1364 2063 1479 2102 sociat
1509 2061 1554 2100 de
1570 2056 1703 2113 ylaria

264 2132 386 2181 sortis,
403 2131 622 2173 Vossianus
640 2133 807 2186 societate
830 2132 956 2183 yloria
970 2132 1091 2181 sortis,
1118 2131 1445 2172 Helmstadiensis
1463 2132 1577 2170 sociat
1594 2142 1703 2181 quem

263 2200 390 2251 gloria
412 2199 540 2250 fortis.
595 2199 782 2239 Editores
811 2202 960 2239 veteres
993 2199 1232 2250 scripserunt
1255 2200 1412 2252 sociatae
1442 2199 1568 2252 yloria
1594 2198 1704 2237 sortis

266 2270 306 2307 et
339 2266 520 2318 Hauptio
547 2267 846 2318 Ribbeckioque
881 2267 1173 2317 satisfecerunt,
1206 2268 1454 2308 coniecerunt
1478 2280 1568 2308 vero
1603 2265 1702 2306 Bar-

264 2335 371 2375 thius
395 2336 510 2374 sociat
529 2348 638 2387 quem
653 2337 779 2388 qloria
795 2337 899 2386 sorti,
919 2336 983 2375 cui
1000 2335 1266 2376 Baehrensius
1290 2336 1541 2388 astipulatur,
1561 2334 1701 2374 Hertz-

264 2403 423 2454 bergius
442 2405 557 2443 sociat
584 2417 674 2455 quos
696 2405 822 2456 ylaria
838 2435 847 2444 .
863 2434 873 2443 .
892 2435 900 2444 .
930 2404 1134 2445 Sententia
1161 2408 1305 2455 autem,
1329 2406 1434 2446 unde
1459 2404 1701 2457 proficiscen-

264 2472 359 2511 dum
399 2475 480 2522 est,
513 2472 643 2512 verbis
674 2472 772 2516 haec
806 2473 966 2513 subesse
1001 2473 1175 2513 videtur:
1213 2472 1341 2524 Aiax,
1378 2474 1447 2524 qui
1473 2475 1513 2513 in
1540 2473 1701 2512 heroum

351 2617 378 2658 ¹)
400 2616 437 2649 in
459 2617 540 2651 edit.
562 2617 683 2651 Iuven.
705 2619 767 2650 sat.
790 2618 874 2651 1820
894 2618 962 2652 vol.
983 2617 1025 2651 11
1045 2629 1078 2660 p.
1100 2618 1173 2651 222.
