1988 2992
704 240 963 277 ...17-

119 340 206 391 quis
245 341 365 382 verba
394 343 654 383 vetustiorum
687 342 866 382 codicum
901 341 1040 381 leviter
1070 343 1223 399 mutata
1260 351 1348 379 cum
1386 339 1551 378 lectione

118 409 345 449 recentioris
385 411 688 462 comparaverit,
722 409 838 450 facile
863 400 932 449 illa
956 408 1146 460 genuina,
1179 407 1282 447 hanc
1314 407 1552 447 correctione

93 476 268 515 ⁴scribae
295 476 472 517 effectam
507 491 590 517 esse
626 477 812 517 concedet
848 489 1120 526 summumque
1154 475 1401 515 coniecturae
1438 473 1551 513 vesti-

122 545 230 594 gium
243 545 283 584 in
297 545 586 596 praepositione
599 545 671 585 illa
689 545 734 584 de
749 546 947 595 agnoscet,
966 556 1068 594 quae
1086 555 1175 583 cum
1193 554 1330 582 saxum
1344 543 1552 583 adverso

120 615 181 653 de
200 618 321 653 monte
342 615 520 653 revolvere
545 614 647 653 inter
673 626 715 652 se
741 615 959 669 repugnent
986 615 1026 651 et
1052 611 1316 660 adversentur,
1336 609 1552 650 sententiae

120 681 318 721 contraria
352 685 479 722 totum
514 685 690 722 tenorem
726 681 959 731 corrumpit:
1005 679 1031 720 i.
1057 693 1090 720 e.
1122 679 1163 719 in
1189 678 1384 721 Vossiano
1414 677 1550 717 eodem

117 748 204 787 1000
244 750 467 801 corruptela
505 751 623 800 latet,
671 762 748 800 quo
785 750 904 788 ceteri
938 748 1030 788 libri
1065 761 1199 787 omnes
1232 747 1440 786 relativum
1484 746 1551 796 qui

117 816 291 867 tradunt,
329 818 447 869 quod,
483 817 558 857 nisi
583 817 692 868 prius
713 816 754 855 in
778 815 870 868 quid
895 818 1083 865 mutatur,
1119 814 1246 854 obiter
1270 814 1438 853 intuenti
1463 825 1549 864 pra-

117 898 208 924 vum
243 886 366 925 videri
397 886 525 926 debet.
578 884 684 924 Hinc
718 897 854 924 revera
885 883 1031 934 pendet
1056 886 1142 923 tota
1168 883 1465 934 praepositionis
1488 894 1551 921 ex—

117 951 289 1003 plicatio,
317 965 418 1004 quae
443 955 592 1004 aperte,
619 951 948 1002 quemadmodum
970 950 1155 990 librarius
1182 951 1223 988 111
1246 949 1356 988 fllam
1382 952 1550 988 structu-

117 1033 203 1060 ram
226 1021 407 1061 devenire
433 1021 617 1072 potuerit‚
645 1019 828 1060 ostendit.
881 1019 1041 1059 Etenim
1067 1019 1233 1070 duplicis
1250 1016 1415 1068 relativi,
1443 1016 1549 1068 quod

80 1078 94 1087 ’
117 1088 335 1139 paullulum
372 1089 628 1128 meditantem
661 1086 834 1127 offendat
865 1100 1019 1127 necesse
1045 1091 1117 1137 est,
1148 1091 1330 1127 naturam
1356 1097 1445 1124 cum
1470 1097 1549 1123 non

115 1158 369 1208 perspexerit,
406 1158 670 1208 verba,=quae
695 1156 795 1197 falsa
818 1169 901 1197 esse
926 1157 1050 1207 duxit,
1076 1157 1134 1197 ita
1160 1158 1385 1199 emendasse
1411 1162 1548 1209 putan-

117 1224 190 1263 dus
218 1229 289 1274 est,
313 1228 360 1264 ut
393 1225 562 1264 alterum
588 1226 665 1276 qui,
693 1224 800 1275 quod
824 1237 896 1263 nos
916 1225 956 1263 in
975 1225 1067 1275 quid
1091 1225 1342 1275 restituimus,
1378 1226 1419 1264 in
1453 1226 1549 1265 inte-

114 1306 185 1344 gro
213 1293 462 1344 relinqueret,
491 1293 661 1333 alterum
686 1293 728 1332 111
751 1292 1080 1344 praepositionem
1104 1292 1150 1332 de
1174 1297 1451 1344 corrumperet.
1489 1293 1546 1334 Si-

111 1361 255 1401 militer
281 1363 401 1401 etiam
421 1363 690 1412 insequentem
717 1362 949 1411 scripturam
975 1361 1072 1400 dolet
1094 1361 1192 1399 nihil
1212 1361 1320 1401 aliud
1338 1362 1413 1401 nisi
1431 1362 1547 1401 inter-

113 1429 350 1479 polationem
379 1419 467 1470 >esse
500 1442 578 1469 non
604 1428 893 1480 denegabimus,
925 1442 1056 1480 quam,
1083 1432 1129 1469 ut
1154 1433 1303 1470 rectam
1328 1433 1368 1469 et
1392 1429 1547 1470 absolu-

112 1500 195 1537 tam
227 1498 460 1537 sententiam
486 1501 723 1548 procrearet,
760 1497 964 1537 librarium
991 1497 1213 1537 adhibuisse
1240 1499 1446 1538 verisimile
1474 1502 1544 1537 est.

112 1565 256 1616 Itaque
293 1578 381 1605 cum
416 1567 535 1605 etiam
570 1566 644 1605 hoc
676 1565 853 1616 exemplo
888 1564 984 1604 fides
1012 1564 1198 1606 Vossiani
1231 1566 1443 1605 lectionum
1475 1566 1545 1605 im-

113 1634 325 1682 minuatur,
358 1633 502 1672 nedum
527 1637 728 1683 augeatur,
764 1646 835 1683 ego
862 1631 977 1683 plane
1002 1646 1080 1672 non
1106 1634 1232 1683 video,
1259 1647 1328 1673 cur
1349 1634 1422 1673 has
1447 1635 1545 1673 duas

113 1701 398 1752 discrepantias
423 1701 468 1740 de
495 1704 535 1740 et
560 1700 657 1740 dolet
685 1713 757 1739 nec
779 1713 848 1750 per
870 1713 911 1740 se
934 1700 1146 1740 admodum
1172 1701 1395 1751 probabiles
1417 1714 1544 1753 neque

111 1769 192 1809 ullo
221 1770 299 1809 alio
328 1769 550 1808 testimonio
582 1768 855 1819 comprobatas
886 1768 926 1807 in
960 1781 1164 1808 numerum
1198 1769 1543 1820 interpolationum

111 1837 305 1887 repellere
333 1840 571 1876 cunctemur.

216 1904 296 1945 Sed
325 1905 554 1955 priusquam
588 1904 703 1943 huius
735 1903 812 1942 1001
836 1903 1035 1943 tractandi
1060 1903 1178 1943 finem
1203 1903 1358 1954 faciam,
1395 1908 1540 1956 tempe-

111 1985 199 2011 rare
225 1972 321 2010 1111111
344 1984 423 2010 11011
449 1984 618 2022 possum,
644 1972 739 2021 quin
763 1971 803 2009 in
829 1984 915 2010 eam
936 1971 1181 2021 scripturam,
1208 1984 1327 2021 quam
1345 1972 1541 2012 Baehren-

111 2041 189 2080 sius
214 2040 451 2081 Vossianum
484 2043 637 2080 secutus
664 2040 877 2090 proposuit,
913 2039 1128 2090 inquiram3
1166 2040 1220 2079 sic
1248 2040 1350 2080 enim
1376 2042 1540 2081 coniecit

268 2109 336 2158 qui
362 2121 499 2148 saxum
521 2108 657 2159 procul
680 2108 844 2148 advorso
867 2108 958 2147 dein
981 2111 1115 2147 monte
1140 2108 1315 2158 revolvit,

268 2175 543 2226 contempsisse
570 2175 677 2214 dolet
703 2188 780 2225 quo
807 2176 964 2214 numine
987 2175 1080 2214 vicit
1104 2175 1257 2214 acerba.

215 2242 467 2282 Auctoritate
493 2242 596 2282 illius
619 2242 710 2282 libri
737 2242 902 2282 confisus
927 2243 980 2282 ad
1003 2243 1327 2293 praepositionem
1347 2243 1393 2282 de
1416 2243 1455 2283 in
1473 2244 1540 2283 ad-

111 2309 287 2349 verbium
319 2309 408 2349 dein
443 2309 673 2349 mutandam
703 2309 894 2349 adductus
919 2323 1008 2349 cum
1038 2311 1315 2350 sententiarum
1339 2312 1538 2350 continua-

110 2376 208 2415 tioni
242 2377 374 2417 nocuit
408 2380 493 2417 tum
525 2390 616 2417 vero
650 2377 878 2428 languorem
904 2378 968 2417 vix
996 2378 1241 2418 tolerabilem
1267 2378 1413 2428 attulit,
1448 2391 1539 2418 nam

109 2457 187 2483 non
220 2445 344 2484 solum
379 2445 646 2485 emendatione
676 2458 810 2484 rarum
841 2458 888 2485 ac
922 2458 1045 2496 paene
1079 2446 1308 2485 inusitatum
1337 2458 1457 2496 genus
1482 2446 1538 2485 di-

110 2513 221 2552 cendi
247 2513 475 2564 procreavit,
504 2514 609 2564 quod
636 2527 707 2565 pro
731 2514 926 2554 communi
952 2526 1127 2554 sermone
1160 2514 1325 2565 „deinde
1352 2513 1538 2565 Sisyphus

108 2581 297 2621 videndus
322 2585 392 2631 est,
419 2584 500 2621 stat
521 2611 666 2631 .....
692 2583 760 2633 qui
781 2595 918 2622 saxum
940 2582 1129 2622 revolvit“
1145 2582 1232 2621 dein
1256 2582 1359 2622 nude
1385 2582 1535 2633 posuit:

110 2649 226 2699 „dein
237 2648 422 2700 Sisyphus
441 2662 579 2689 saxum
596 2650 798 2701 revolvit“,
825 2650 893 2689 sed
918 2650 1050 2700 etiam,
1076 2650 1117 2689 id
1136 2663 1213 2700 quo
1236 2650 1332 2689 mihi
1349 2649 1537 2700 imprimis

1328 2713 1350 2745 8
