1988 2992
897 195 1159 232 „26—

310 299 453 347 poetae
486 299 690 338 convenire
717 310 837 347 quam
863 299 969 349 iqnes
1000 296 1187 349 Phryqios
1213 302 1318 336 torva
1338 298 1492 348 feritate
1519 310 1572 337 sc.
1609 297 1747 336 Aiacis

311 365 505 416 repulsos?
538 365 640 405 Mihi
667 365 840 416 quidem,
867 368 959 405 utra
985 364 1155 416 genuina
1183 365 1234 404 sit
1263 364 1468 415 scriptura,
1502 367 1610 405 totus
1637 364 1747 404 locus

310 435 394 471 tam
411 436 547 483 aperte
567 433 771 471 ostendere
790 432 958 482 videtur,
981 436 1027 471 ut
1044 445 1120 471 non
1140 432 1275 472 multis
1297 445 1394 483 opus
1411 445 1494 472 esse
1519 433 1747 481 existimem,

310 513 358 540 ac
384 514 433 540 ne
456 501 507 540 ab
525 501 605 540 ullo
625 500 783 551 quidem
802 500 931 540 adhuc
950 504 1168 551 temptatus
1186 504 1257 550 est,
1287 501 1362 541 nisi
1387 501 1488 540 forte
1508 500 1556 540 de
1573 499 1747 549 Ellisii1)

311 570 535 608 coniectura
563 570 794 619 cogitamus,
823 569 892 618 qui
917 569 1015 607 mire
1041 570 1097 608 sic
1124 568 1243 608 verba
1268 569 1470 608 mutavitzt

468 637 615 677 assidet
640 637 733 677 huic
758 637 907 676 iuvenis
934 637 1058 677 sociat
1085 650 1203 687 quem
1223 637 1349 688 gloria
1376 637 1473 677 sorti

468 718 559 744 acer
583 705 836 754 inaccessum,
862 704 1034 744 referens
1061 718 1085 744 a
1112 705 1278 744 navibus
1301 705 1402 755 ignis

467 771 667 823 Argolicis
687 772 882 823 Phrygios
906 772 1024 812 turba
1049 772 1271 823 trepidante
1298 772 1474 824 repulsos

310 839 422 878 Nihil
463 840 512 879 de
546 841 777 879 necessitate
801 840 1092 879 emendationis.
1113 840 1229 888 addo,
1274 840 1315 879 id
1344 840 1460 878 modo
1491 852 1747 878 commemoro

310 921 401 946 eum
421 907 549 947 verbis
570 906 709 946 Iliadis
730 907 934 947 seductum
955 920 1049 957 esse,
1069 919 1171 957 quae
1195 910 1287 946 sunt
1310 907 1351 946 in
1368 906 1469 946 libro
1487 905 1598 948 XVI
1616 920 1651 945 v.
1671 908 1749 946 294

505 972 674 1026 ἡμιδαὴς
698 973 811 1025 δ’ἄρα
836 979 924 1027 νῆυς
948 976 1071 1014 λίπετ’
1102 972 1256 1014 αὐτόθι·
1282 974 1341 1013 τοὶ
1365 972 1595 1025 δ’ἒφόβηθεν

511 1045 640 1093 Τρῶες
663 1044 858 1094 θεσπεσίῳ
883 1039 1019 1095 ὁμάδῳ

421 1113 461 1149 et
490 1109 666 1148 eiusdem
690 1109 784 1149 libri
807 1124 842 1150 v.
868 1113 943 1150 307

511 1174 567 1224 ὥς
593 1181 670 1216 τῶν
697 1176 737 1217 ἐκ
762 1182 863 1231 νηῶν
888 1180 1015 1229 γένετο
1044 1176 1135 1230 ἰαχή
1161 1191 1202 1217 τε
1230 1176 1354 1229 φόβος
1380 1192 1421 1217 τε

512 1243 601 1289 οῦδὲ
628 1245 723 1284 naz-02
750 1253 891 1298 μοῖραν
919 1249 1063 1296 πέραον
1090 1245 1210 1285 πάλιν
1230 1275 1237 1283 .
1258 1275 1266 1284 .
1296 1275 1304 1284 .

415 1312 534 1351 Nunc
570 1316 616 1352 ut
651 1313 770 1353 huius
806 1313 882 1352 loci
920 1313 1118 1353 tractandi
1144 1312 1260 1352 finem
1291 1313 1454 1363 faciam,
1489 1325 1614 1363 eaque
1648 1325 1749 1363 quae

311 1380 406 1429 dixi,
444 1381 789 1431 comprehendam,
826 1382 881 1420 sic
915 1384 960 1420 ut
989 1381 1193 1431 Hauptius
1226 1384 1265 1420 et
1296 1380 1538 1420 Ribbeckius
1575 1379 1749 1419 fecerunt

309 1460 446 1486 versus
469 1448 586 1487 scribi
608 1448 743 1487 iubeo:

468 1515 616 1555 assidet
641 1516 716 1555 hac
742 1515 905 1566 iuvenis,
932 1515 1105 1556 sociatae
1131 1515 1257 1567 gloria
1284 1515 1411 1565 sortis,

469 1596 572 1633 acer,
600 1584 841 1634 inexcussus,
866 1584 1037 1624 referens
1064 1598 1089 1624 a
1112 1584 1276 1624 navibus
1302 1583 1402 1634 ignis

469 1650 668 1702 Argolicis
696 1651 891 1703 Phrygios
916 1655 1029 1692 torva
1055 1651 1212 1692 feritate
1237 1650 1421 1702 repulsos.

415 1719 534 1758 Hanc
555 1723 688 1759 autem
714 1720 835 1759 trium
868 1733 1050 1760 versuum
1087 1719 1432 1759 conformationem
1469 1718 1502 1757 si
1535 1718 1623 1768 quis
1660 1731 1748 1757 cum

311 1786 490 1826 codicum
518 1787 790 1839 discrepantiis
818 1787 1037 1837 contulerit,
1063 1787 1129 1826 vix
1158 1786 1367 1835 dubitabit,
1399 1799 1493 1825 num
1528 1799 1663 1825 verum
1698 1785 1748 1824 sit

310 1854 363 1903 id,
401 1854 508 1903 quod
540 1868 659 1906 supra
696 1856 851 1907 saepius
888 1855 937 1894 de
967 1855 1192 1894 condicione
1228 1867 1274 1893 ac
1300 1857 1443 1893 natura
1468 1853 1659 1893 librorum
1685 1866 1748 1893 ex-

311 1924 435 1973 posui.
488 1923 596 1963 Nam
634 1925 850 1975 scripturae
876 1923 1059 1962 Bembini
1092 1926 1131 1962 et
1159 1921 1493 1971 cantabrigiensis
1526 1935 1659 1961 omnes
1693 1934 1748 1961 so-

310 1992 385 2028 ciat
411 1991 457 2029 de
484 1991 610 2042 yloria
634 1994 755 2042 sortis,
791 1992 1028 2047 ineoecissum,
1055 1990 1222 2040 repulsos
1248 1989 1309 2028 vel
1336 1989 1510 2039 proxime
1537 1990 1588 2029 ad
1614 2002 1747 2029 verum

309 2058 501 2098 accedunt
533 2059 594 2098 vel
628 2063 779 2099 rectum
812 2059 941 2110 ipsum
973 2061 1125 2098 textum
1151 2057 1360 2108 praebent,
1393 2056 1578 2098 Vossiani
1613 2060 1748 2097 contra

309 2126 429 2165 verba
469 2127 719 2176 aliquantum
759 2141 783 2166 a
819 2126 1018 2166 verisimili
1045 2125 1172 2165 forma
1197 2125 1362 2174 absunt,
1399 2125 1467 2164 sed
1502 2124 1560 2164 ita
1592 2128 1638 2164 ut
1670 2138 1747 2164 non

309 2207 469 2245 prorsus
512 2195 747 2245 depravatas
790 2208 915 2244 voces,
959 2194 1078 2233 immo
1115 2206 1193 2242 eas,
1235 2205 1337 2243 quae
1371 2192 1500 2232 minus
1541 2193 1747 2233 oscitantia

310 2274 430 2312 quam
469 2262 629 2302 consilio
667 2262 821 2301 librarii
847 2261 1008 2301 effectae
1035 2274 1119 2301 esse
1145 2261 1340 2311 videntur,
1374 2260 1550 2300 afferant.
1604 2260 1747 2310 Itaque

310 2330 470 2369 minime
497 2344 521 2369 a
545 2343 636 2369 vero
664 2330 947 2380 aberrabimus,
973 2330 1006 2369 si
1030 2330 1238 2378 iudicium,
1277 2329 1382 2379 quod
1408 2329 1487 2368 iam
1514 2331 1632 2368 antea
1658 2328 1748 2367 feci-

310 2411 408 2447 mus,
444 2398 505 2436 vel
541 2398 594 2437 ad
635 2397 739 2437 hunc
764 2398 894 2437 locum
921 2397 1206 2437 rettulerimus:
1234 2398 1465 2436 vetustiores
1490 2396 1642 2435 codices
1669 2400 1761 2448 tra-¹

310 2466 410 2505 dunt
444 2465 643 2514 lectiones,
679 2477 780 2514 quae
815 2468 886 2504 aut
909 2466 1075 2516 pessime
1099 2464 1272 2514 habitae,
1309 2465 1378 2504 sed
1397 2464 1457 2503 ita
1481 2463 1746 2503 conformatae

310 2536 411 2582 sunt,
436 2536 482 2571 ut
506 2532 600 2582 quid
621 2533 702 2572 veri
728 2532 934 2573 delitescat
960 2532 1127 2584 perspici
1147 2532 1282 2583 possit,
1310 2535 1381 2572 aut
1402 2531 1616 2572 sententiae
1647 2531 1745 2571 adeo

396 2618 423 2659 1)
445 2617 467 2649 1.
489 2617 512 2649 1.
534 2628 567 2660 p.
590 2617 767 2650 sel-282.
