1988 2992
785 217 1046 254 -39-

1067 320 1131 360 hic
1156 323 1197 360 et
1225 320 1417 360 acanthus

335 387 374 423 et
400 397 491 424 rosa
517 397 758 435 purpureum
783 390 955 427 crescent
976 387 1199 427 rubibunda
1223 384 1413 426 terrorem
1441 385 1510 436 (B)

200 476 254 482 —-
279 451 497 493 rubicunda
527 451 732 504 perorbem
760 451 825 503 (O)
853 477 898 483 —-
927 455 1157 507 pudibunda
1183 454 1367 495 ruborem
1385 455 1468 504 (V).
1511 453 1632 505 Quid-

202 520 298 571 quid
325 520 373 560 de
399 524 569 571 crescent,
596 520 701 570 quod
727 520 903 571 plerique
923 527 1187 572 correxerunt,
1215 526 1429 573 statuetur,
1457 522 1498 562 id
1523 535 1633 573 aper-

200 592 285 628 tum
321 590 379 626 est
414 591 453 627 et
482 586 711 641 pudibunda
746 591 786 627 et
812 588 985 629 ruborem
1019 594 1124 630 recte
1152 604 1177 630 a
1201 590 1396 632 Vossiano
1430 590 1536 630 tradi
1562 602 1633 630 nec

200 655 339 696 ceteris
365 654 475 695 libris
501 654 576 694 hoc
600 654 689 694 loco
711 656 833 695 ullam
855 656 973 697 fidem
998 658 1221 698 habendam
1247 670 1343 698 esse.

304 721 421 762 Nunc
438 722 667 773 priusquam
685 735 733 762 ex
750 724 810 774 iis,
830 737 931 775 quae
949 725 1079 765 adhuc
1092 727 1264 765 exsecuti
1283 737 1428 774 sumuS,
1447 724 1632 764 iudicium

199 791 247 830 de
286 790 497 830 virtutibus
533 793 605 830 aut
641 790 744 829 vitiis
780 792 1019 842 singulorum
1056 793 1233 833 codicum
1273 792 1484 841 faciamus,
1523 792 1632 831 brevi

199 856 362 908 singula>
386 869 449 907 ea,
491 869 613 908 quae,
653 869 892 908 quamquam
926 859 976 899 de
1011 859 1205 899 nonnullis
1240 858 1442 909 scripturis
1483 857 1628 910 ambigi

198 925 315 965 licere
341 925 584 976 largiendum
611 929 681 976 est,
712 929 842 967 tamen
868 927 1017 978 liquere
1043 929 1233 977 existimo,
1262 926 1577 977 complectamur.

384 992 418 1032 Ι.
443 993 659 1035 Vossianus

305 1061 338 1098 1.
365 1072 443 1099 non
462 1059 578 1098 modo
601 1072 679 1099 non
705 1064 898 1111 accurate,
926 1073 1061 1101 verum
1080 1061 1200 1100 etiam
1217 1060 1466 1111 neglegenter
1490 1062 1631 1110 poetae

249 1139 404 1167 carmen
432 1126 569 1177 tradit,
596 1140 689 1167 nam
716 1141 832 1180 saepe

345 1195 387 1247 a)
414 1195 581 1246 litteras,
610 1195 792 1246 syllabas,
818 1209 943 1247 voces,
969 1200 1074 1236 totos
1100 1210 1233 1237 versus
1260 1197 1407 1236 omittit

345 1261 388 1314 b)
415 1262 621 1302 verborum
648 1264 824 1304 ordinem
850 1268 977 1305 metro
1003 1265 1235 1305 adversante
1262 1263 1419 1304 exhibet

342 1329 381 1381 c)
407 1331 602 1380 permulta
637 1334 799 1381 peccata
836 1345 960 1382 eaque
990 1345 1269 1383 nonnunquam
1301 1331 1531 1383 gravissima
1573 1331 1631 1369 in-

408 1398 586 1437 consulto
610 1399 774 1448 praebet

459 1465 515 1504 ita
539 1468 585 1505 ut
610 1465 802 1506 Bembino
830 1465 1208 1517 et·Oantabrigiensi
1233 1466 1295 1506 his
1321 1465 1481 1517 quidem
1507 1465 1547 1505 in
1572 1478 1630 1504 re-

409 1532 482 1572 bus
507 1532 785 1583 praeferendus
809 1546 888 1573 non
915 1547 999 1574 esse
1024 1534 1215 1574 videatur.

300 1601 335 1638 2.
364 1612 452 1640 cum
488 1601 536 1641 de
562 1601 756 1642 nonnullis
789 1601 1022 1642 lectionibus
1050 1605 1200 1643 certum
1226 1601 1413 1642 iudicium
1440 1599 1525 1640 fieri
1551 1611 1629 1639 non

246 1667 384 1717 liceat,
420 1669 565 1708 multas
592 1669 728 1719 affert,
758 1683 858 1720 quae
884 1683 961 1710 non
986 1674 1069 1710 tam
1095 1684 1224 1711 errore
1249 1683 1367 1720 quam
1394 1667 1554 1708 consilio
1580 1680 1629 1706 ac

246 1738 374 1774 mente
386 1739 612 1785 procreatae
630 1740 730 1787 sunt,
750 1740 795 1776 ut
814 1737 979 1788 speciem
995 1737 1088 1778 libri
1103 1737 1329 1789 interpolati
1346 1739 1386 1776 et
1407 1736 1456 1775 de
1478 1734 1629 1775 scribae

246 1802 400 1852 ingenio
421 1804 616 1843 emendati
643 1817 737 1854 prae
761 1814 802 1844 se
828 1804 943 1844 ferat.

380 1870 439 1910 II.
466 1870 679 1912 Bembinus
706 1875 746 1912 et
772 1871 1104 1923 Cantabrigiensis

301 1940 336 1977 1.
363 1952 441 1979 non
464 1940 651 1990 pauciora
683 1953 802 1991 quam
834 1940 901 1980 ille
928 1940 1070 1980 menda
1096 1939 1300 1991 praebent,
1332 1938 1401 1978 sed
1431 1951 1489 1988 ea,
1527 1950 1628 1988 quae

250 2007 419 2057 plurima
444 2008 662 2048 inconsulto
689 2009 730 2048 in
756 2011 906 2048 textum
929 2009 1180 2059 irrepserunt.

301 2077 337 2114 2.
372 2075 578 2116 nonnullas
622 2077 817 2127 graviores
862 2077 1076 2127 scripturas
1119 2098 1167 2105 —
1216 2077 1308 2115 sunt
1354 2072 1462 2113 haud
1508 2072 1627 2112 dubie

249 2146 439 2194 quattuor
465 2167 529 2194 —,
565 2157 666 2194 quae
693 2144 808 2196 plane
834 2144 1053 2185 reiciendae
1077 2146 1170 2184 sunt
1197 2142 1248 2183 ob
1275 2154 1440 2193 eamque
1466 2153 1626 2182 causam

247 2214 331 2250 tum
359 2211 412 2250 ad
438 2211 679 2253 Vossianum
706 2225 776 2252 nos
803 2225 1002 2252 recurrere
1029 2215 1185 2263 cogunt.

195 2278 336 2328 quibus
362 2280 558 2331 perpensis
593 2280 667 2319 hoc
694 2280 946 2320 statuendum
979 2292 1063 2319 esse
1090 2278 1245 2318 videtur
1270 2277 1343 2317 1108
1374 2276 1473 2316 (11108
1504 2275 1626 2315 libros

195 2350 334 2397 poetae
358 2347 478 2387 verba
501 2348 678 2398 quamvis
705 2361 819 2399 saepe
854 2348 912 2388 ita
940 2348 1155 2399 depravata
1180 2346 1245 2387 vix
1279 2349 1325 2385 ut
1356 2344 1626 2396 intelligantur

194 2419 327 2455 tamen
362 2415 584 2455 fidelissime
618 2415 780 2455 reddere
815 2418 855 2454 et
880 2415 1166 2455 Baehrensium
1191 2428 1217 2455 a
1247 2427 1337 2454 vero
1363 2413 1530 2452 multum
1556 2412 1623 2452 ab·

195 2496 356 2534 errasse,
384 2496 472 2524 cum
487 2496 552 2523 eos
569 2496 617 2523 ex
634 2485 818 2534 corrupto
840 2483 1079 2535 apographo,
1108 2483 1172 2522 cui
1189 2482 1306 2522 homo
1326 2480 1490 2533 quidam
1509 2493 1624 2521 curas

194 2553 352 2592 criticas
377 2551 651 2604 applicavisset
677 2563 756 2590 non
782 2550 926 2590 collato
951 2550 1176 2610 exemplari,
1203 2549 1271 2590 sed
1295 2553 1342 2589 ut
1373 2549 1453 2589 suis
1475 2549 1624 2589 innisus

194 2619 341 2661 viribus
366 2619 517 2661 foedius
543 2619 809 2672 interpolaret,
838 2619 978 2660 ductos
1003 2631 1088 2659 esse
1114 2617 1373 2659 concluderet.
