<?xml version="1.0" encoding="UTF-8"?>
<!DOCTYPE html PUBLIC "-//W3C//DTD XHTML 1.0 Transitional//EN"
    "http://www.w3.org/TR/xhtml1/DTD/xhtml1-transitional.dtd">
<html xmlns="http://www.w3.org/1999/xhtml" xml:lang="en" lang="en">
 <head>
  <title>
</title>
<meta http-equiv="Content-Type" content="text/html;charset=utf-8" />
  <meta name='ocr-system' content='tesseract 3.04.00' />
  <meta name='ocr-capabilities' content='ocr_page ocr_carea ocr_par ocr_line ocrx_word'/>
</head>
<body>
  <div class='ocr_page' id='page_1' title='image "4771380_0029.png"; bbox 0 0 1988 2992; ppageno 0'>
   <div class='ocr_carea' id='block_1_1' title="bbox 924 132 1160 168">
    <p class='ocr_par' dir='ltr' id='par_1_1' title="bbox 924 132 1160 168">
     <span class='ocr_line' id='line_1_1' title="bbox 924 132 1160 168; baseline 0 -11"><span class='ocrx_word' id='word_1_1' title='bbox 924 132 1160 168; x_wconf 76' lang='lat' dir='ltr'>-g-</span> 
     </span>
    </p>
   </div>
   <div class='ocr_carea' id='block_1_2' title="bbox 319 231 1615 882">
    <p class='ocr_par' dir='ltr' id='par_1_2' title="bbox 319 231 1615 882">
     <span class='ocr_line' id='line_1_2' title="bbox 646 231 1448 274; baseline -0.004 0"><span class='ocrx_word' id='word_1_2' title='bbox 646 234 687 274; x_wconf 91' lang='lat' dir='ltr'><strong>V</strong></span> <span class='ocrx_word' id='word_1_3' title='bbox 1374 231 1448 272; x_wconf 81' lang='lat' dir='ltr'>BG</span> 
     </span>
     <span class='ocr_line' id='line_1_3' title="bbox 321 298 1282 349; baseline -0.001 -10"><span class='ocrx_word' id='word_1_4' title='bbox 321 302 399 339; x_wconf 80' lang='lat'>332</span> <span class='ocrx_word' id='word_1_5' title='bbox 427 299 591 339; x_wconf 87' lang='lat' dir='ltr'>taribdis</span> <span class='ocrx_word' id='word_1_6' title='bbox 1073 298 1282 349; x_wconf 82' lang='lat' dir='ltr'><strong>charybdis</strong></span> 
     </span>
     <span class='ocr_line' id='line_1_4' title="bbox 320 367 1178 408; baseline -0.001 -1"><span class='ocrx_word' id='word_1_7' title='bbox 320 370 396 408; x_wconf 86' lang='lat'>341</span> <span class='ocrx_word' id='word_1_8' title='bbox 426 368 535 407; x_wconf 86' lang='lat' dir='ltr'>divos</span> <span class='ocrx_word' id='word_1_9' title='bbox 1072 367 1178 406; x_wconf 88' lang='lat' dir='ltr'>dives</span> 
     </span>
     <span class='ocr_line' id='line_1_5' title="bbox 323 435 1214 485; baseline 0 -11"><span class='ocrx_word' id='word_1_10' title='bbox 323 439 399 474; x_wconf 83' lang='lat'>358</span> <span class='ocrx_word' id='word_1_11' title='bbox 424 436 579 485; x_wconf 89' lang='lat' dir='ltr'>parides</span> <span class='ocrx_word' id='word_1_12' title='bbox 1072 435 1214 485; x_wconf 85' lang='lat' dir='ltr'>pariles</span> 
     </span>
     <span class='ocr_line' id='line_1_6' title="bbox 322 503 1326 543; baseline 0 0"><span class='ocrx_word' id='word_1_13' title='bbox 322 507 398 543; x_wconf 88' lang='grc'>360</span> <span class='ocrx_word' id='word_1_14' title='bbox 426 517 536 543; x_wconf 89' lang='lat' dir='ltr'>coma</span> <span class='ocrx_word' id='word_1_15' title='bbox 562 504 679 543; x_wconf 90' lang='lat' dir='ltr'>decus</span> <span class='ocrx_word' id='word_1_16' title='bbox 1072 516 1182 542; x_wconf 89' lang='lat' dir='ltr'>roma</span> <span class='ocrx_word' id='word_1_17' title='bbox 1209 503 1326 543; x_wconf 88' lang='lat' dir='ltr'>decus</span> 
     </span>
     <span class='ocr_line' id='line_1_7' title="bbox 323 575 1145 621; baseline -0.001 -11"><span class='ocrx_word' id='word_1_18' title='bbox 323 575 399 611; x_wconf 85' lang='lat'>372</span> <span class='ocrx_word' id='word_1_19' title='bbox 426 584 517 621; x_wconf 89' lang='lat' dir='ltr'>ergo</span> <span class='ocrx_word' id='word_1_20' title='bbox 1073 583 1145 620; x_wconf 87' lang='lat' dir='ltr'>ego</span> 
     </span>
     <span class='ocr_line' id='line_1_8' title="bbox 323 638 1177 679; baseline -0.002 0"><span class='ocrx_word' id='word_1_21' title='bbox 323 643 398 679; x_wconf 88' lang='grc'>378</span> <span class='ocrx_word' id='word_1_22' title='bbox 425 640 510 679; x_wconf 90' lang='lat' dir='ltr'>axis</span> <span class='ocrx_word' id='word_1_23' title='bbox 1072 638 1177 678; x_wconf 91' lang='lat' dir='ltr'>adsis</span> 
     </span>
     <span class='ocr_line' id='line_1_9' title="bbox 321 706 1615 757; baseline -0.002 -11"><span class='ocrx_word' id='word_1_24' title='bbox 321 711 397 746; x_wconf 86' lang='lat'>389</span> <span class='ocrx_word' id='word_1_25' title='bbox 424 711 552 745; x_wconf 92' lang='lat' dir='ltr'>temen</span> <span class='ocrx_word' id='word_1_26' title='bbox 579 707 761 746; x_wconf 89' lang='lat' dir='ltr'>infestum</span> <span class='ocrx_word' id='word_1_27' title='bbox 784 720 934 757; x_wconf 87' lang='lat' dir='ltr'>pugnas</span> <span class='ocrx_word' id='word_1_28' title='bbox 1072 710 1202 745; x_wconf 89' lang='lat' dir='ltr'>tamen</span> <span class='ocrx_word' id='word_1_29' title='bbox 1230 706 1412 746; x_wconf 88' lang='lat' dir='ltr'>infestum</span> <span class='ocrx_word' id='word_1_30' title='bbox 1438 718 1615 756; x_wconf 88' lang='lat' dir='ltr'>pugnans</span> 
     </span>
     <span class='ocr_line' id='line_1_10' title="bbox 321 774 1202 825; baseline 0 -12"><span class='ocrx_word' id='word_1_31' title='bbox 321 777 396 813; x_wconf 87' lang='grc'>397</span> <span class='ocrx_word' id='word_1_32' title='bbox 423 774 599 825; x_wconf 90' lang='lat' dir='ltr'>lapidum</span> <span class='ocrx_word' id='word_1_33' title='bbox 986 777 989 780; x_wconf 76' lang='grc'><strong>”</strong></span> <span class='ocrx_word' id='word_1_34' title='bbox 1069 774 1202 825; x_wconf 88' lang='lat' dir='ltr'>lapide</span> 
     </span>
     <span class='ocr_line' id='line_1_11' title="bbox 319 843 1182 882; baseline -0.001 0"><span class='ocrx_word' id='word_1_35' title='bbox 319 846 398 882; x_wconf 86' lang='lat'>408</span> <span class='ocrx_word' id='word_1_36' title='bbox 424 843 505 882; x_wconf 90' lang='lat' dir='ltr'>illic</span> <span class='ocrx_word' id='word_1_37' title='bbox 1074 843 1182 882; x_wconf 88' lang='lat' dir='ltr'>illinc</span> 
     </span>
    </p>
   </div>
   <div class='ocr_carea' id='block_1_3' title="bbox 313 977 1759 2587">
    <p class='ocr_par' dir='ltr' id='par_1_3' title="bbox 313 977 1759 2587">
     <span class='ocr_line' id='line_1_12' title="bbox 423 977 1759 1030; baseline -0.001 -12"><span class='ocrx_word' id='word_1_38' title='bbox 423 978 543 1018; x_wconf 89' lang='lat' dir='ltr'>Hunc</span> <span class='ocrx_word' id='word_1_39' title='bbox 578 979 810 1018; x_wconf 92' lang='lat' dir='ltr'>mendorum</span> <span class='ocrx_word' id='word_1_40' title='bbox 845 992 1055 1018; x_wconf 90' lang='lat' dir='ltr'>numerum</span> <span class='ocrx_word' id='word_1_41' title='bbox 1090 979 1122 1018; x_wconf 89' lang='lat' dir='ltr'>si</span> <span class='ocrx_word' id='word_1_42' title='bbox 1158 979 1244 1029; x_wconf 91' lang='lat' dir='ltr'>quis</span> <span class='ocrx_word' id='word_1_43' title='bbox 1279 978 1508 1030; x_wconf 79' lang='lat' dir='ltr'>inspexerit,</span> <span class='ocrx_word' id='word_1_44' title='bbox 1544 977 1674 1017; x_wconf 88' lang='lat' dir='ltr'>nescio</span> <span class='ocrx_word' id='word_1_45' title='bbox 1708 991 1759 1017; x_wconf 89' lang='lat' dir='ltr'>an</span> 
     </span>
     <span class='ocr_line' id='line_1_13' title="bbox 320 1045 1759 1097; baseline -0.001 -13"><span class='ocrx_word' id='word_1_46' title='bbox 320 1047 394 1085; x_wconf 84' lang='lat' dir='ltr'>sibi</span> <span class='ocrx_word' id='word_1_47' title='bbox 420 1059 675 1097; x_wconf 82' lang='lat' dir='ltr'><strong>persuasurus</strong></span> <span class='ocrx_word' id='word_1_48' title='bbox 703 1047 755 1085; x_wconf 90' lang='lat' dir='ltr'>sit</span> <span class='ocrx_word' id='word_1_49' title='bbox 781 1050 852 1086; x_wconf 90' lang='lat' dir='ltr'>aut</span> <span class='ocrx_word' id='word_1_50' title='bbox 879 1046 1151 1097; x_wconf 83' lang='lat' dir='ltr'><strong>apographum</strong></span> <span class='ocrx_word' id='word_1_51' title='bbox 1168 1046 1418 1085; x_wconf 84' lang='lat' dir='ltr'>vetustissimi</span> <span class='ocrx_word' id='word_1_52' title='bbox 1440 1045 1670 1096; x_wconf 87' lang='lat' dir='ltr'>exemplaris</span> <span class='ocrx_word' id='word_1_53' title='bbox 1688 1048 1759 1084; x_wconf 86' lang='lat' dir='ltr'>aut</span> 
     </span>
     <span class='ocr_line' id='line_1_14' title="bbox 321 1113 1759 1165; baseline -0.003 -10"><span class='ocrx_word' id='word_1_54' title='bbox 321 1113 559 1155; x_wconf 89' lang='lat' dir='ltr'>Vossianum</span> <span class='ocrx_word' id='word_1_55' title='bbox 585 1114 713 1165; x_wconf 90' lang='lat' dir='ltr'>ipsum</span> <span class='ocrx_word' id='word_1_56' title='bbox 739 1114 991 1165; x_wconf 80' lang='lat' dir='ltr'>neglegenter</span> <span class='ocrx_word' id='word_1_57' title='bbox 1017 1114 1256 1164; x_wconf 90' lang='lat' dir='ltr'>descriptum</span> <span class='ocrx_word' id='word_1_58' title='bbox 1284 1114 1334 1153; x_wconf 93' lang='lat' dir='ltr'>ob</span> <span class='ocrx_word' id='word_1_59' title='bbox 1361 1113 1501 1164; x_wconf 89' lang='lat' dir='ltr'>idque,</span> <span class='ocrx_word' id='word_1_60' title='bbox 1530 1113 1683 1152; x_wconf 87' lang='lat' dir='ltr'>etiamsi</span> <span class='ocrx_word' id='word_1_61' title='bbox 1710 1125 1759 1151; x_wconf 91' lang='lat' dir='ltr'>ex</span> 
     </span>
     <span class='ocr_line' id='line_1_15' title="bbox 320 1181 1759 1232; baseline -0.001 -12"><span class='ocrx_word' id='word_1_62' title='bbox 320 1183 484 1232; x_wconf 89' lang='lat' dir='ltr'>antiquo</span> <span class='ocrx_word' id='word_1_63' title='bbox 530 1181 639 1221; x_wconf 88' lang='lat' dir='ltr'>fonte</span> <span class='ocrx_word' id='word_1_64' title='bbox 675 1182 853 1231; x_wconf 87' lang='lat' dir='ltr'>fluxerit,</span> <span class='ocrx_word' id='word_1_65' title='bbox 899 1185 1031 1220; x_wconf 91' lang='lat' dir='ltr'>tamen</span> <span class='ocrx_word' id='word_1_66' title='bbox 1074 1182 1246 1231; x_wconf 90' lang='lat' dir='ltr'>singulas</span> <span class='ocrx_word' id='word_1_67' title='bbox 1288 1183 1369 1221; x_wconf 87' lang='lat' dir='ltr'>eius</span> <span class='ocrx_word' id='word_1_68' title='bbox 1409 1181 1623 1231; x_wconf 89' lang='lat' dir='ltr'>scripturas</span> <span class='ocrx_word' id='word_1_69' title='bbox 1663 1193 1759 1219; x_wconf 88' lang='lat' dir='ltr'>sem-</span> 
     </span>
     <span class='ocr_line' id='line_1_16' title="bbox 320 1247 1758 1300; baseline -0.001 -12"><span class='ocrx_word' id='word_1_70' title='bbox 320 1262 389 1300; x_wconf 83' lang='lat' dir='ltr'>per</span> <span class='ocrx_word' id='word_1_71' title='bbox 416 1249 711 1299; x_wconf 89' lang='lat' dir='ltr'>perpendendas</span> <span class='ocrx_word' id='word_1_72' title='bbox 747 1262 840 1288; x_wconf 92' lang='lat' dir='ltr'>esse.</span> <span class='ocrx_word' id='word_1_73' title='bbox 894 1248 1012 1288; x_wconf 91' lang='lat' dir='ltr'>Hanc</span> <span class='ocrx_word' id='word_1_74' title='bbox 1048 1250 1168 1299; x_wconf 89' lang='lat' dir='ltr'>igitur</span> <span class='ocrx_word' id='word_1_75' title='bbox 1209 1250 1250 1287; x_wconf 93' lang='lat' dir='ltr'>in</span> <span class='ocrx_word' id='word_1_76' title='bbox 1283 1249 1515 1288; x_wconf 80' lang='lat' dir='ltr'>sententiam</span> <span class='ocrx_word' id='word_1_77' title='bbox 1540 1247 1758 1288; x_wconf 88' lang='lat' dir='ltr'>Baehrensi</span> 
     </span>
     <span class='ocr_line' id='line_1_17' title="bbox 320 1315 1759 1367; baseline -0.001 -11"><span class='ocrx_word' id='word_1_78' title='bbox 320 1316 507 1356; x_wconf 90' lang='lat' dir='ltr'>iudicium</span> <span class='ocrx_word' id='word_1_79' title='bbox 534 1319 793 1367; x_wconf 83' lang='lat' dir='ltr'>restringatur</span> <span class='ocrx_word' id='word_1_80' title='bbox 819 1330 975 1357; x_wconf 90' lang='lat' dir='ltr'>necesse</span> <span class='ocrx_word' id='word_1_81' title='bbox 1002 1321 1072 1367; x_wconf 89' lang='lat' dir='ltr'>est,</span> <span class='ocrx_word' id='word_1_82' title='bbox 1099 1320 1144 1356; x_wconf 91' lang='lat' dir='ltr'>ut</span> <span class='ocrx_word' id='word_1_83' title='bbox 1162 1315 1398 1357; x_wconf 90' lang='lat' dir='ltr'>Vossianum</span> <span class='ocrx_word' id='word_1_84' title='bbox 1421 1329 1499 1355; x_wconf 91' lang='lat' dir='ltr'>non</span> <span class='ocrx_word' id='word_1_85' title='bbox 1521 1329 1664 1366; x_wconf 88' lang='lat' dir='ltr'>carere,</span> <span class='ocrx_word' id='word_1_86' title='bbox 1691 1316 1759 1355; x_wconf 88' lang='lat' dir='ltr'>sed</span> 
     </span>
     <span class='ocr_line' id='line_1_18' title="bbox 320 1384 1758 1436; baseline 0 -13"><span class='ocrx_word' id='word_1_87' title='bbox 320 1384 522 1424; x_wconf 88' lang='lat' dir='ltr'>abundare</span> <span class='ocrx_word' id='word_1_88' title='bbox 557 1385 661 1423; x_wconf 87' lang='lat' dir='ltr'>vitiis</span> <span class='ocrx_word' id='word_1_89' title='bbox 701 1385 853 1424; x_wconf 88' lang='lat' dir='ltr'>librarii</span> <span class='ocrx_word' id='word_1_90' title='bbox 887 1398 1014 1436; x_wconf 88' lang='lat' dir='ltr'>neque</span> <span class='ocrx_word' id='word_1_91' title='bbox 1049 1385 1124 1424; x_wconf 90' lang='lat' dir='ltr'>hac</span> <span class='ocrx_word' id='word_1_92' title='bbox 1162 1384 1319 1435; x_wconf 90' lang='lat' dir='ltr'>quidem</span> <span class='ocrx_word' id='word_1_93' title='bbox 1356 1385 1398 1422; x_wconf 90' lang='lat' dir='ltr'>in</span> <span class='ocrx_word' id='word_1_94' title='bbox 1433 1385 1587 1423; x_wconf 87' lang='lat' dir='ltr'>ratione</span> <span class='ocrx_word' id='word_1_95' title='bbox 1620 1384 1758 1423; x_wconf 88' lang='lat' dir='ltr'>ceteris</span> 
     </span>
     <span class='ocr_line' id='line_1_19' title="bbox 319 1451 1758 1503; baseline 0.001 -12"><span class='ocrx_word' id='word_1_96' title='bbox 319 1452 592 1503; x_wconf 85' lang='lat' dir='ltr'>manuscriptis</span> <span class='ocrx_word' id='word_1_97' title='bbox 627 1452 924 1503; x_wconf 85' lang='lat' dir='ltr'>praeferendum</span> <span class='ocrx_word' id='word_1_98' title='bbox 961 1466 1042 1492; x_wconf 89' lang='lat' dir='ltr'>esse</span> <span class='ocrx_word' id='word_1_99' title='bbox 1077 1453 1263 1492; x_wconf 87' lang='lat' dir='ltr'>dicamus.</span> <span class='ocrx_word' id='word_1_100' title='bbox 1325 1452 1517 1491; x_wconf 89' lang='lat' dir='ltr'>Attamen</span> <span class='ocrx_word' id='word_1_101' title='bbox 1552 1451 1586 1491; x_wconf 89' lang='lat' dir='ltr'>si</span> <span class='ocrx_word' id='word_1_102' title='bbox 1620 1452 1677 1491; x_wconf 92' lang='lat' dir='ltr'>ita</span> <span class='ocrx_word' id='word_1_103' title='bbox 1707 1452 1758 1492; x_wconf 90' lang='lat' dir='ltr'>ab</span> 
     </span>
     <span class='ocr_line' id='line_1_20' title="bbox 319 1519 1758 1569; baseline 0 -11"><span class='ocrx_word' id='word_1_104' title='bbox 319 1521 402 1558; x_wconf 90' lang='lat' dir='ltr'>eius</span> <span class='ocrx_word' id='word_1_105' title='bbox 434 1520 615 1569; x_wconf 82' lang='lat' dir='ltr'>opinione</span> <span class='ocrx_word' id='word_1_106' title='bbox 651 1520 910 1568; x_wconf 81' lang='lat' dir='ltr'>deflectimus,</span> <span class='ocrx_word' id='word_1_107' title='bbox 948 1521 1114 1558; x_wconf 88' lang='lat' dir='ltr'>alteram</span> <span class='ocrx_word' id='word_1_108' title='bbox 1150 1520 1352 1568; x_wconf 88' lang='lat' dir='ltr'>virtutem,</span> <span class='ocrx_word' id='word_1_109' title='bbox 1389 1532 1508 1569; x_wconf 90' lang='lat' dir='ltr'>quam</span> <span class='ocrx_word' id='word_1_110' title='bbox 1535 1519 1595 1557; x_wconf 86' lang='lat' dir='ltr'>vir</span> <span class='ocrx_word' id='word_1_111' title='bbox 1620 1520 1758 1558; x_wconf 90' lang='lat' dir='ltr'>doctus</span> 
     </span>
     <span class='ocr_line' id='line_1_21' title="bbox 319 1585 1758 1637; baseline 0 -12"><span class='ocrx_word' id='word_1_112' title='bbox 319 1586 467 1636; x_wconf 86' lang='lat' dir='ltr'>statuit,</span> <span class='ocrx_word' id='word_1_113' title='bbox 499 1598 579 1625; x_wconf 88' lang='lat' dir='ltr'>non</span> <span class='ocrx_word' id='word_1_114' title='bbox 616 1586 863 1636; x_wconf 80' lang='lat' dir='ltr'>denegamus,</span> <span class='ocrx_word' id='word_1_115' title='bbox 900 1599 988 1626; x_wconf 91' lang='lat' dir='ltr'>cum</span> <span class='ocrx_word' id='word_1_116' title='bbox 1013 1586 1080 1626; x_wconf 92' lang='lat' dir='ltr'>ille</span> <span class='ocrx_word' id='word_1_117' title='bbox 1106 1587 1216 1637; x_wconf 89' lang='lat' dir='ltr'>liber,</span> <span class='ocrx_word' id='word_1_118' title='bbox 1248 1590 1294 1625; x_wconf 92' lang='lat' dir='ltr'>ut</span> <span class='ocrx_word' id='word_1_119' title='bbox 1321 1585 1453 1626; x_wconf 90' lang='lat' dir='ltr'>multis</span> <span class='ocrx_word' id='word_1_120' title='bbox 1477 1586 1626 1626; x_wconf 89' lang='lat' dir='ltr'>mendis</span> <span class='ocrx_word' id='word_1_121' title='bbox 1651 1586 1758 1625; x_wconf 91' lang='lat' dir='ltr'>labo-</span> 
     </span>
     <span class='ocr_line' id='line_1_22' title="bbox 318 1654 1757 1705; baseline 0.001 -13"><span class='ocrx_word' id='word_1_122' title='bbox 318 1658 392 1703; x_wconf 88' lang='lat' dir='ltr'>rat,</span> <span class='ocrx_word' id='word_1_123' title='bbox 421 1654 478 1693; x_wconf 83' lang='lat' dir='ltr'>ita</span> <span class='ocrx_word' id='word_1_124' title='bbox 503 1654 618 1693; x_wconf 83' lang='lat' dir='ltr'>facile</span> <span class='ocrx_word' id='word_1_125' title='bbox 644 1654 729 1693; x_wconf 87' lang='lat' dir='ltr'>fieri</span> <span class='ocrx_word' id='word_1_126' title='bbox 755 1655 897 1705; x_wconf 89' lang='lat' dir='ltr'>possit,</span> <span class='ocrx_word' id='word_1_127' title='bbox 934 1659 978 1694; x_wconf 91' lang='lat' dir='ltr'>ut</span> <span class='ocrx_word' id='word_1_128' title='bbox 1013 1656 1314 1705; x_wconf 84' lang='lat' dir='ltr'>praestantiores</span> <span class='ocrx_word' id='word_1_129' title='bbox 1346 1667 1464 1704; x_wconf 90' lang='lat' dir='ltr'>quam</span> <span class='ocrx_word' id='word_1_130' title='bbox 1496 1656 1615 1694; x_wconf 89' lang='lat' dir='ltr'>ceteri</span> <span class='ocrx_word' id='word_1_131' title='bbox 1642 1654 1757 1705; x_wconf 89' lang='lat' dir='ltr'>scrip-</span> 
     </span>
     <span class='ocr_line' id='line_1_23' title="bbox 318 1720 1758 1772; baseline -0.001 -11"><span class='ocrx_word' id='word_1_132' title='bbox 318 1725 427 1761; x_wconf 87' lang='lat' dir='ltr'>turas</span> <span class='ocrx_word' id='word_1_133' title='bbox 452 1722 649 1772; x_wconf 87' lang='lat' dir='ltr'>praebeat.</span> <span class='ocrx_word' id='word_1_134' title='bbox 705 1720 836 1771; x_wconf 79' lang='lat' dir='ltr'>Quare</span> <span class='ocrx_word' id='word_1_135' title='bbox 869 1723 902 1761; x_wconf 88' lang='lat' dir='ltr'>si</span> <span class='ocrx_word' id='word_1_136' title='bbox 928 1722 977 1761; x_wconf 90' lang='lat' dir='ltr'>de</span> <span class='ocrx_word' id='word_1_137' title='bbox 1001 1721 1201 1761; x_wconf 85' lang='lat' dir='ltr'>codicibus</span> <span class='ocrx_word' id='word_1_138' title='bbox 1227 1724 1332 1761; x_wconf 89' lang='lat' dir='ltr'>recte</span> <span class='ocrx_word' id='word_1_139' title='bbox 1358 1721 1625 1771; x_wconf 89' lang='lat' dir='ltr'>quaestionem</span> <span class='ocrx_word' id='word_1_140' title='bbox 1651 1721 1758 1760; x_wconf 92' lang='lat' dir='ltr'>insti-</span> 
     </span>
     <span class='ocr_line' id='line_1_24' title="bbox 317 1789 1757 1840; baseline 0.001 -12"><span class='ocrx_word' id='word_1_141' title='bbox 317 1793 428 1828; x_wconf 89' lang='lat' dir='ltr'>tuere</span> <span class='ocrx_word' id='word_1_142' title='bbox 454 1790 667 1840; x_wconf 88' lang='lat' dir='ltr'>studemus,</span> <span class='ocrx_word' id='word_1_143' title='bbox 695 1791 865 1829; x_wconf 86' lang='lat' dir='ltr'>maxime</span> <span class='ocrx_word' id='word_1_144' title='bbox 893 1790 935 1829; x_wconf 91' lang='lat' dir='ltr'>id</span> <span class='ocrx_word' id='word_1_145' title='bbox 960 1790 1072 1829; x_wconf 89' lang='lat' dir='ltr'>nobis</span> <span class='ocrx_word' id='word_1_146' title='bbox 1098 1789 1293 1840; x_wconf 86' lang='lat' dir='ltr'>agendum</span> <span class='ocrx_word' id='word_1_147' title='bbox 1316 1793 1386 1839; x_wconf 87' lang='lat' dir='ltr'>est,</span> <span class='ocrx_word' id='word_1_148' title='bbox 1413 1792 1459 1828; x_wconf 89' lang='lat' dir='ltr'>ut</span> <span class='ocrx_word' id='word_1_149' title='bbox 1482 1802 1546 1829; x_wconf 89' lang='lat' dir='ltr'>eas</span> <span class='ocrx_word' id='word_1_150' title='bbox 1574 1790 1757 1829; x_wconf 87' lang='lat' dir='ltr'>lectiones</span> 
     </span>
     <span class='ocr_line' id='line_1_25' title="bbox 318 1857 1757 1909; baseline -0.001 -11"><span class='ocrx_word' id='word_1_151' title='bbox 318 1857 516 1907; x_wconf 89' lang='lat' dir='ltr'>Vossiani,</span> <span class='ocrx_word' id='word_1_152' title='bbox 552 1871 653 1908; x_wconf 88' lang='lat' dir='ltr'>quae</span> <span class='ocrx_word' id='word_1_153' title='bbox 680 1872 705 1897; x_wconf 91' lang='lat' dir='ltr'>a</span> <span class='ocrx_word' id='word_1_154' title='bbox 730 1858 923 1897; x_wconf 88' lang='lat' dir='ltr'>Bembino</span> <span class='ocrx_word' id='word_1_155' title='bbox 958 1862 997 1897; x_wconf 92' lang='lat' dir='ltr'>et</span> <span class='ocrx_word' id='word_1_156' title='bbox 1026 1857 1340 1907; x_wconf 85' lang='lat' dir='ltr'>Cantabrigiensi</span> <span class='ocrx_word' id='word_1_157' title='bbox 1375 1857 1609 1909; x_wconf 85' lang='lat' dir='ltr'>discrepant,</span> <span class='ocrx_word' id='word_1_158' title='bbox 1646 1871 1757 1897; x_wconf 89' lang='lat' dir='ltr'>excu-</span> 
     </span>
     <span class='ocr_line' id='line_1_26' title="bbox 317 1924 1756 1975; baseline 0 -12"><span class='ocrx_word' id='word_1_159' title='bbox 317 1924 463 1963; x_wconf 92' lang='lat' dir='ltr'>tiamus</span> <span class='ocrx_word' id='word_1_160' title='bbox 491 1928 530 1963; x_wconf 93' lang='lat' dir='ltr'>et</span> <span class='ocrx_word' id='word_1_161' title='bbox 554 1925 650 1974; x_wconf 91' lang='lat' dir='ltr'>quid</span> <span class='ocrx_word' id='word_1_162' title='bbox 679 1925 772 1964; x_wconf 91' lang='lat' dir='ltr'>boni</span> <span class='ocrx_word' id='word_1_163' title='bbox 799 1925 941 1974; x_wconf 87' lang='lat' dir='ltr'>quidve</span> <span class='ocrx_word' id='word_1_164' title='bbox 975 1925 1070 1964; x_wconf 90' lang='lat' dir='ltr'>mali</span> <span class='ocrx_word' id='word_1_165' title='bbox 1095 1925 1189 1964; x_wconf 88' lang='lat' dir='ltr'>insit</span> <span class='ocrx_word' id='word_1_166' title='bbox 1217 1925 1472 1975; x_wconf 88' lang='lat' dir='ltr'>enucleemus,</span> <span class='ocrx_word' id='word_1_167' title='bbox 1509 1925 1614 1964; x_wconf 90' lang='lat' dir='ltr'>unde</span> <span class='ocrx_word' id='word_1_168' title='bbox 1646 1938 1756 1975; x_wconf 90' lang='lat' dir='ltr'>prae-</span> 
     </span>
     <span class='ocr_line' id='line_1_27' title="bbox 318 1992 1757 2032; baseline 0.001 -2"><span class='ocrx_word' id='word_1_169' title='bbox 318 1992 466 2031; x_wconf 88' lang='lat' dir='ltr'>stantia</span> <span class='ocrx_word' id='word_1_170' title='bbox 490 1996 562 2031; x_wconf 90' lang='lat' dir='ltr'>aut</span> <span class='ocrx_word' id='word_1_171' title='bbox 589 1993 730 2032; x_wconf 89' lang='lat' dir='ltr'>horum</span> <span class='ocrx_word' id='word_1_172' title='bbox 754 1992 947 2032; x_wconf 88' lang='lat' dir='ltr'>librorum</span> <span class='ocrx_word' id='word_1_173' title='bbox 970 1996 1041 2032; x_wconf 89' lang='lat' dir='ltr'>aut</span> <span class='ocrx_word' id='word_1_174' title='bbox 1064 1993 1169 2031; x_wconf 90' lang='lat' dir='ltr'>illius</span> <span class='ocrx_word' id='word_1_175' title='bbox 1197 1993 1361 2032; x_wconf 89' lang='lat' dir='ltr'>eluceat.</span> <span class='ocrx_word' id='word_1_176' title='bbox 1415 1992 1582 2032; x_wconf 86' lang='lat' dir='ltr'>Errores</span> <span class='ocrx_word' id='word_1_177' title='bbox 1608 2006 1699 2032; x_wconf 85' lang='lat' dir='ltr'>vero</span> <span class='ocrx_word' id='word_1_178' title='bbox 1724 1995 1757 2032; x_wconf 88' lang='lat' dir='ltr'>si</span> 
     </span>
     <span class='ocr_line' id='line_1_28' title="bbox 318 2060 1756 2110; baseline 0.001 -12"><span class='ocrx_word' id='word_1_179' title='bbox 318 2072 451 2098; x_wconf 90' lang='lat' dir='ltr'>omnes</span> <span class='ocrx_word' id='word_1_180' title='bbox 478 2060 785 2110; x_wconf 87' lang='lat' dir='ltr'>complectimur,</span> <span class='ocrx_word' id='word_1_181' title='bbox 815 2060 1116 2099; x_wconf 89' lang='lat' dir='ltr'>innumerabiles</span> <span class='ocrx_word' id='word_1_182' title='bbox 1143 2060 1224 2099; x_wconf 89' lang='lat' dir='ltr'>fere</span> <span class='ocrx_word' id='word_1_183' title='bbox 1250 2063 1341 2099; x_wconf 89' lang='lat' dir='ltr'>sunt</span> <span class='ocrx_word' id='word_1_184' title='bbox 1366 2072 1491 2110; x_wconf 89' lang='lat' dir='ltr'>neque</span> <span class='ocrx_word' id='word_1_185' title='bbox 1518 2060 1683 2110; x_wconf 90' lang='lat' dir='ltr'>etiamsi,</span> <span class='ocrx_word' id='word_1_186' title='bbox 1711 2064 1756 2099; x_wconf 92' lang='lat' dir='ltr'>ut</span> 
     </span>
     <span class='ocr_line' id='line_1_29' title="bbox 316 2127 1756 2178; baseline 0.001 -12"><span class='ocrx_word' id='word_1_187' title='bbox 316 2140 437 2178; x_wconf 89' lang='lat' dir='ltr'>supra</span> <span class='ocrx_word' id='word_1_188' title='bbox 464 2127 637 2177; x_wconf 79' lang='lat' dir='ltr'>fecimus,</span> <span class='ocrx_word' id='word_1_189' title='bbox 666 2140 745 2177; x_wconf 87' lang='grc'><strong>608,</strong></span> <span class='ocrx_word' id='word_1_190' title='bbox 780 2128 848 2178; x_wconf 91' lang='lat' dir='ltr'>qui</span> <span class='ocrx_word' id='word_1_191' title='bbox 879 2127 1030 2167; x_wconf 90' lang='lat' dir='ltr'>scribae</span> <span class='ocrx_word' id='word_1_192' title='bbox 1060 2128 1212 2168; x_wconf 89' lang='lat' dir='ltr'>incuria</span> <span class='ocrx_word' id='word_1_193' title='bbox 1247 2127 1441 2168; x_wconf 87' lang='lat' dir='ltr'>commissi</span> <span class='ocrx_word' id='word_1_194' title='bbox 1476 2130 1579 2177; x_wconf 89' lang='lat' dir='ltr'>sunt,</span> <span class='ocrx_word' id='word_1_195' title='bbox 1615 2127 1756 2168; x_wconf 88' lang='lat' dir='ltr'>discre-</span> 
     </span>
     <span class='ocr_line' id='line_1_30' title="bbox 316 2194 1756 2246; baseline 0.001 -13"><span class='ocrx_word' id='word_1_196' title='bbox 316 2196 441 2233; x_wconf 83' lang='lat' dir='ltr'>vimus</span> <span class='ocrx_word' id='word_1_197' title='bbox 459 2195 511 2234; x_wconf 89' lang='lat' dir='ltr'>ab</span> <span class='ocrx_word' id='word_1_198' title='bbox 530 2195 589 2245; x_wconf 88' lang='grc'><strong>118,</strong></span> <span class='ocrx_word' id='word_1_199' title='bbox 610 2196 678 2246; x_wconf 91' lang='lat' dir='ltr'>qui</span> <span class='ocrx_word' id='word_1_200' title='bbox 699 2196 873 2246; x_wconf 89' lang='lat' dir='ltr'>aliquem</span> <span class='ocrx_word' id='word_1_201' title='bbox 891 2208 1046 2234; x_wconf 89' lang='lat' dir='ltr'>sensum</span> <span class='ocrx_word' id='word_1_202' title='bbox 1065 2195 1251 2245; x_wconf 88' lang='lat' dir='ltr'>efficiunt,</span> <span class='ocrx_word' id='word_1_203' title='bbox 1272 2194 1388 2246; x_wconf 84' lang='lat' dir='ltr'>pauci</span> <span class='ocrx_word' id='word_1_204' title='bbox 1401 2198 1564 2234; x_wconf 85' lang='lat' dir='ltr'>restant.</span> <span class='ocrx_word' id='word_1_205' title='bbox 1598 2195 1756 2235; x_wconf 91' lang='lat' dir='ltr'>Horum</span> 
     </span>
     <span class='ocr_line' id='line_1_31' title="bbox 316 2262 1756 2314; baseline 0.001 -13"><span class='ocrx_word' id='word_1_206' title='bbox 316 2265 408 2302; x_wconf 91' lang='lat' dir='ltr'>sunt</span> <span class='ocrx_word' id='word_1_207' title='bbox 441 2262 520 2302; x_wconf 91' lang='lat' dir='ltr'>duo</span> <span class='ocrx_word' id='word_1_208' title='bbox 556 2276 703 2314; x_wconf 90' lang='lat' dir='ltr'>genera</span> <span class='ocrx_word' id='word_1_209' title='bbox 739 2263 950 2303; x_wconf 88' lang='lat' dir='ltr'>statuenda</span> <span class='ocrx_word' id='word_1_210' title='bbox 986 2267 1026 2303; x_wconf 91' lang='lat' dir='ltr'>et</span> <span class='ocrx_word' id='word_1_211' title='bbox 1057 2276 1212 2314; x_wconf 86' lang='lat' dir='ltr'>eorum,</span> <span class='ocrx_word' id='word_1_212' title='bbox 1249 2264 1317 2314; x_wconf 87' lang='lat' dir='ltr'>qui</span> <span class='ocrx_word' id='word_1_213' title='bbox 1350 2266 1512 2314; x_wconf 89' lang='lat' dir='ltr'>propter</span> <span class='ocrx_word' id='word_1_214' title='bbox 1538 2276 1756 2303; x_wconf 88' lang='lat' dir='ltr'>connexum</span> 
     </span>
     <span class='ocr_line' id='line_1_32' title="bbox 314 2331 1755 2382; baseline 0.001 -13"><span class='ocrx_word' id='word_1_215' title='bbox 314 2344 447 2369; x_wconf 90' lang='lat' dir='ltr'>rerum</span> <span class='ocrx_word' id='word_1_216' title='bbox 472 2344 550 2370; x_wconf 90' lang='lat' dir='ltr'>non</span> <span class='ocrx_word' id='word_1_217' title='bbox 576 2331 809 2381; x_wconf 87' lang='lat' dir='ltr'>tolerantur,</span> <span class='ocrx_word' id='word_1_218' title='bbox 840 2335 880 2370; x_wconf 91' lang='lat' dir='ltr'>et</span> <span class='ocrx_word' id='word_1_219' title='bbox 908 2344 1065 2381; x_wconf 89' lang='lat' dir='ltr'>eorum,</span> <span class='ocrx_word' id='word_1_220' title='bbox 1102 2332 1170 2382; x_wconf 84' lang='lat' dir='ltr'>qui</span> <span class='ocrx_word' id='word_1_221' title='bbox 1206 2331 1522 2381; x_wconf 87' lang='lat' dir='ltr'>explanationem</span> <span class='ocrx_word' id='word_1_222' title='bbox 1556 2332 1755 2381; x_wconf 77' lang='lat' dir='ltr'>quandam</span> 
     </span>
     <span class='ocr_line' id='line_1_33' title="bbox 313 2398 1751 2450; baseline 0.001 -13"><span class='ocrx_word' id='word_1_223' title='bbox 313 2399 504 2450; x_wconf 87' lang='lat' dir='ltr'>praebent</span> <span class='ocrx_word' id='word_1_224' title='bbox 539 2402 580 2438; x_wconf 89' lang='lat' dir='ltr'>et</span> <span class='ocrx_word' id='word_1_225' title='bbox 615 2412 640 2438; x_wconf 87' lang='lat' dir='ltr'>a</span> <span class='ocrx_word' id='word_1_226' title='bbox 671 2399 916 2439; x_wconf 87' lang='lat' dir='ltr'>Baehrensio</span> <span class='ocrx_word' id='word_1_227' title='bbox 947 2399 1093 2450; x_wconf 88' lang='lat' dir='ltr'>partim</span> <span class='ocrx_word' id='word_1_228' title='bbox 1128 2399 1167 2438; x_wconf 92' lang='lat' dir='ltr'>in</span> <span class='ocrx_word' id='word_1_229' title='bbox 1209 2398 1419 2439; x_wconf 91' lang='lat' dir='ltr'>editionem</span> <span class='ocrx_word' id='word_1_230' title='bbox 1458 2399 1605 2450; x_wconf 89' lang='lat' dir='ltr'>recepti</span> <span class='ocrx_word' id='word_1_231' title='bbox 1642 2404 1751 2439; x_wconf 91' lang='lat' dir='ltr'>sunt:</span> 
     </span>
     <span class='ocr_line' id='line_1_34' title="bbox 313 2466 1754 2517; baseline 0.001 -12"><span class='ocrx_word' id='word_1_232' title='bbox 313 2466 471 2506; x_wconf 90' lang='lat' dir='ltr'>illorum</span> <span class='ocrx_word' id='word_1_233' title='bbox 503 2480 664 2507; x_wconf 91' lang='lat' dir='ltr'>numero</span> <span class='ocrx_word' id='word_1_234' title='bbox 694 2467 894 2507; x_wconf 90' lang='lat' dir='ltr'>tribuendi</span> <span class='ocrx_word' id='word_1_235' title='bbox 928 2471 1020 2507; x_wconf 89' lang='lat' dir='ltr'>sunt</span> <span class='ocrx_word' id='word_1_236' title='bbox 1055 2482 1090 2507; x_wconf 72' lang='lat' dir='ltr'>v,</span> <span class='ocrx_word' id='word_1_237' title='bbox 1129 2470 1178 2507; x_wconf 83' lang='lat'>12</span> <span class='ocrx_word' id='word_1_238' title='bbox 1205 2468 1323 2507; x_wconf 86' lang='lat' dir='ltr'>vestri</span> <span class='ocrx_word' id='word_1_239' title='bbox 1345 2485 1395 2501; x_wconf 92' lang='lat'><strong><em>=</em></strong></span> <span class='ocrx_word' id='word_1_240' title='bbox 1422 2468 1567 2517; x_wconf 88' lang='lat' dir='ltr'>nostri,</span> <span class='ocrx_word' id='word_1_241' title='bbox 1606 2470 1654 2507; x_wconf 93' lang='grc'>18</span> <span class='ocrx_word' id='word_1_242' title='bbox 1691 2481 1754 2508; x_wconf 91' lang='lat' dir='ltr'>ne-</span> 
     </span>
     <span class='ocr_line' id='line_1_35' title="bbox 313 2535 1753 2587; baseline 0.002 -13"><span class='ocrx_word' id='word_1_243' title='bbox 313 2535 432 2574; x_wconf 89' lang='lat' dir='ltr'>moris</span> <span class='ocrx_word' id='word_1_244' title='bbox 472 2554 523 2568; x_wconf 93' lang='lat'>==</span> <span class='ocrx_word' id='word_1_245' title='bbox 562 2535 710 2586; x_wconf 86' lang='lat' dir='ltr'>laticis,</span> <span class='ocrx_word' id='word_1_246' title='bbox 751 2537 802 2575; x_wconf 84' lang='lat'>42</span> <span class='ocrx_word' id='word_1_247' title='bbox 837 2535 991 2576; x_wconf 90' lang='lat' dir='ltr'>lenibus</span> <span class='ocrx_word' id='word_1_248' title='bbox 1026 2555 1078 2569; x_wconf 92' lang='lat'>=</span> <span class='ocrx_word' id='word_1_249' title='bbox 1110 2536 1267 2587; x_wconf 79' lang='lat' dir='ltr'>igneus,</span> <span class='ocrx_word' id='word_1_250' title='bbox 1308 2537 1358 2575; x_wconf 87' lang='grc'>47</span> <span class='ocrx_word' id='word_1_251' title='bbox 1393 2535 1510 2576; x_wconf 87' lang='lat' dir='ltr'>flores</span> <span class='ocrx_word' id='word_1_252' title='bbox 1535 2554 1587 2569; x_wconf 87' lang='lat'>=</span> <span class='ocrx_word' id='word_1_253' title='bbox 1621 2536 1753 2587; x_wconf 88' lang='lat' dir='ltr'>colles,</span> 
     </span>
    </p>
   </div>
  </div>
 </body>
</html>
