1988 2992
199 336 317 376 nullis
344 333 556 374 obstaculis
583 333 874 374 obvenientibus
901 339 1006 385 eunt,
1035 336 1178 386 agitur,
1206 349 1253 375 ex
1280 336 1327 374 iis
1352 335 1446 386 ipsis
1464 334 1632 384 denique

199 405 238 444 in
266 416 388 442 unum
415 401 609 451 coalescit,
645 405 695 463 ut¹
725 401 868 441 flumen
896 403 1058 452 oriatur,
1095 407 1135 442 et
1168 405 1226 443 ita
1261 403 1454 453 liquorem
1479 402 1632 452 placide

199 474 401 510 sonantem
428 467 566 517 efficit3
594 468 699 508 unde
725 470 1009 509 consectarium
1034 470 1080 510 fit
1097 475 1192 522 acta,
1222 471 1255 509 si
1279 470 1438 520 quidem
1461 470 1631 520 genuina

199 539 392 587 scriptura
418 540 490 585 est,
527 536 682 585 optime,
711 541 794 575 orta
820 550 911 576 vero
940 538 992 577 ab
1019 539 1189 587 antiquis
1216 537 1416 576 codicibus
1443 537 1630 575 traditam

199 605 366 643 fortasse
384 602 551 653 intelligi
570 615 682 653 posse
704 616 829 653 neque
856 616 926 642 nos
952 603 1111 653 habere,
1139 616 1209 643 cur
1235 609 1318 643 orta
1342 617 1501 655 prorsus
1528 603 1630 643 refu-

198 677 344 720 temus3
382 670 561 720 equidem
597 683 744 720 censeo,
780 683 869 709 cum
903 671 1000 710 haec
1026 671 1141 710 lectio
1171 672 1485 722 explanationem
1509 685 1630 721 quan-

200 741 291 779 dam
318 738 518 790 praebeat,
546 738 826 777 auctoritatem
855 738 1037 778 Bembini
1064 742 1104 777 et
1128 738 1465 790 Cantabrigiensis
1496 739 1630 778 multis

198 808 294 847 locis
319 809 585 857 exspectatam
601 809 650 845 *et
676 806 914 856 sequendum
942 819 1023 846 esse
1051 820 1186 857 neque,
1214 807 1368 847 etiamsi
1394 807 1521 846 altera
1546 811 1630 846 acta

199 875 455 926 praeferatur,
483 875 680 924 imminui,
724 887 822 925 cum,
864 887 985 924 quam
1023 873 1136 914 facile
1176 875 1303 915 scriba
1342 875 1394 914 ad
1438 875 1629 925 aptiorem

199 943 431 992 scripturam
457 946 541 979 acta
565 942 708 981 adduci
735 942 921 992 potuerit,
948 941 1009 980 vel
1038 941 1175 980 iisdem
1202 942 1468 981 conaminibus
1499 954 1628 980 recen-

199 1010 344 1049 tiorum
369 1009 564 1048 editorum
589 1008 838 1048 manifestum
862 1004 924 1048 sitss

301 1076 457 1114 Tertius
486 1076 653 1125 denique
680 1076 788 1115 locus
815 1076 1114 1115 difficultatibus
1132 1075 1297 1115 refertus
1317 1079 1377 1114 est
1394 1076 1535 1125 dignus
1557 1075 1628 1124 qui

199 1143 398 1193 afferatur,
425 1146 517 1197 sunt
541 1157 597 1183 vs.
626 1146 831 1183 311—312

353 1212 448 1262 Ipsa
474 1212 581 1262 vagis
608 1225 778 1262 namque
803 1211 881 1251 Ida
895 1204 1043 1261 'patens
1071 1211 1238 1250 feritatis
1265 1214 1305 1250 et
1330 1211 1416 1260 ipsa

353 1278 498 1328 Daque
521 1278 625 1318 faces
651 1279 771 1318 altrix
796 1278 959 1329 cupidus
979 1278 1193 1329 praebebat
1221 1278 1414 1317 alumnus.

197 1347 341 1385 mirum
368 1350 558 1396 quantum
586 1360 611 1386 a
639 1347 831 1386 Bembino
858 1351 898 1386 et
916 1346 1231 1396 Oantabrigiensi
1253 1346 1448 1396 discrepat
1469 1345 1629 1386 Vossia-

198 1425 282 1462 nus,
310 1425 399 1451 cum
425 1414 607 1453 exhibeat
632 1413 729 1453 haec
753 1413 874 1453 verba

353 1480 450 1530 Ipsa
476 1481 583 1531 vagis
606 1495 776 1532 namque
802 1481 880 1521 Ida
904 1484 1042 1532 potens
1068 1481 1235 1520 feritatis
1264 1480 1315 1519 ab
1343 1480 1429 1530 ipsa

351 1547 428 1587 Ida
451 1548 555 1588 faces
582 1548 693 1589 altris
720 1549 859 1599 cupide
885 1549 1098 1599 praebebat
1124 1549 1293 1587 alumnis

197 1614 265 1664 qui
292 1628 425 1655 versus
451 1617 492 1654 in
523 1630 683 1656 numero
709 1617 935 1667 pravissime
965 1617 1202 1656 traditorum
1236 1615 1408 1655 habendi
1433 1615 1625 1655 medelam

197 1681 390 1732 flagitant,
425 1696 527 1732 quae
555 1684 733 1723 omnibus
760 1685 928 1723 numeris
955 1685 1137 1724 absoluta
1162 1684 1336 1722 nondum
1370 1683 1526 1732 prolata
1553 1687 1624 1722 est.

198 1748 303 1799 Quid
335 1763 425 1789 vero
454 1751 528 1791 sibi
553 1752 683 1802 velint,
716 1752 842 1792 elucet
876 1751 976 1800 „Ida
1003 1752 1089 1802 ipsa
1119 1751 1237 1791 altrix
1272 1750 1423 1803 cupidis
1458 1750 1626 1790 alumnis

196 1817 300 1856 faces
319 1818 369 1857 ad
389 1831 506 1859 naves
524 1820 784 1859 incendendas
809 1819 996 1870 praebet“
1027 1832 1098 1858 nec
1124 1820 1172 1858 de
1198 1819 1381 1859 extremis
1408 1819 1536 1858 verbis
1556 1819 1626 1858 du·

196 1885 336 1924 bitatio
373 1886 531 1937 haeret,
569 1900 658 1926 cum
695 1888 841 1938 cupidis
875 1888 1042 1926 alumnis
1073 1886 1328 1937 praeferenda
1362 1899 1444 1925 esse
1470 1886 1626 1925 videan-

194 1956 260 1990 tur
292 1954 424 2003 cupide
458 1955 635 2003 alumnis,
680 1967 757 1993 non
799 1966 878 2003 quo
920 1955 1089 1993 alterum
1135 1954 1258 1992 altero
1302 1965 1373 2002 per
1409 1966 1450 1991 se
1486 1953 1624 1992 melius

197 2019 267 2069 sit,
305 2020 374 2059 sed
406 2020 510 2070 quod
541 2022 797 2061 vetustiorum
832 2021 1009 2061 codicum
1041 2020 1157 2060 lectio
1195 2024 1385 2071 tanquam
1420 2020 1625 2071 vestigium

194 2089 374 2137 propriae
412 2089 628 2137 scripturae
665 2089 761 2127 nihil
796 2089 1107 2138 interpolationis
1141 2101 1236 2138 prae
1272 2101 1313 2126 se
1349 2087 1436 2126 fert.
1495 2087 1624 2126 Multo

195 2154 389 2194 difficilius
416 2156 591 2206 reliquae
617 2169 729 2196 voces
756 2157 795 2195 in
822 2157 1028 2207 pristinam
1058 2156 1325 2206 integritatem
1357 2155 1514 2194 restitui
1539 2167 1624 2205 pos-

196 2226 298 2273 sunt,
326 2227 371 2262 ut
401 2223 688 2262 emendationes
715 2223 925 2263 Ribbeckii
961 2226 1001 2263 et
1028 2223 1272 2272 Baehrensii,
1307 2223 1375 2272 qui
1409 2223 1449 2260 in
1482 2221 1624 2261 Bembi

195 2292 422 2331 coniecturis
456 2303 533 2329 non
569 2292 866 2341 acquieverunt,
904 2292 1187 2331 demonstrant.
1247 2289 1499 2340 Quamquam
1534 2290 1624 2330 illas

194 2371 272 2397 non
299 2358 413 2409 plane
439 2358 574 2408 probo,
601 2362 732 2398 tamen
764 2358 942 2409 pluribus
969 2360 1190 2399 examinare
1218 2360 1353 2397 omitto
1380 2371 1456 2397 non
1485 2358 1622 2408 solum,

194 2426 300 2474 quod
328 2429 476 2465 certam
510 2426 708 2476 quandam
733 2440 795 2465 me
827 2440 904 2466 non
931 2427 1078 2466 habere
1104 2425 1300 2474 confiteor,
1333 2438 1465 2464 verum
1491 2426 1621 2475 etiam,

194 2495 287 2542 quia
314 2493 365 2533 ad
391 2493 464 2533 hoc
491 2494 692 2533 consilium
726 2508 804 2534 non
841 2497 1029 2545 spectant.
1081 2493 1233 2533 Nostra
1266 2493 1431 2532 maxime
1462 2493 1623 2532 interest

193 2560 435 2601 differentiae
474 2561 610 2613 Daque
652 2563 757 2613 faces
797 2585 849 2591 —
885 2562 961 2601 Ida
997 2562 1114 2613 faces.
1182 2561 1437 2600 Dubitaverit
1479 2547 1622 2611 aliquis

193 2628 242 2666 de
287 2629 433 2680 origine
479 2630 683 2680 utriusque
728 2631 945 2681 scripturae
990 2642 1061 2668 nec
1105 2629 1240 2679 facile,
1290 2628 1622 2679 quemadmodum

1396 2692 1437 2723 3*
