1988 2992
793 155 1027 191 -9-

198 259 245 295 77
274 268 403 294 86611111
430 275 479 289 --
505 256 683 305 fecunda,
710 259 784 295 170
813 270 951 307 corpus
975 276 1027 290 =
1051 260 1200 307 pectus,
1228 259 1302 295 189
1330 269 1437 306 spem
1461 255 1624 294 excessit

195 323 335 364 sensim
360 343 412 356 =
434 322 593 374 spiritus
618 325 782 364 excessit
807 337 939 364 sensus
966 324 1035 377 (=
1055 323 1224 375 sensim),
1253 326 1328 363 202
1351 324 1458 375 piget
1480 326 1622 363 aurato

196 411 247 426 =
273 392 383 443 piger
407 395 567 442 aurata,
596 394 671 431 270
698 392 809 432 11111111
835 412 887 426 =
912 392 1004 442 ulli,
1040 394 1115 431 280
1139 392 1260 432 radiis
1286 412 1337 425 =
1364 391 1518 441 viridis,
1547 394 1623 431 302

196 459 375 499 manibus
392 478 444 491 =
469 459 644 510 navibus,
672 462 749 500 402
768 465 808 500 61
824 474 895 500 sua
920 461 1064 511 pagina
1088 460 1184 499 dicit
1203 479 1254 493 =
1277 460 1340 500 hic
1357 459 1624 510 rododaphne.

194 527 317 566 Errat
344 530 478 566 autem
509 529 542 567 si
578 529 665 578 quis
690 532 807 579 putat
843 542 891 568 ex
923 528 985 568 his
1020 528 1263 578 lectionibus,
1299 527 1476 579 quamvis
1502 527 1623 567 mirae

195 595 293 644 sint,
326 595 476 645 aliquid
509 596 640 646 colligi
673 610 805 647 posse,
845 609 938 635 nam
973 598 1043 646 qui
1073 597 1262 646 inspicere
1295 596 1399 645 vult,
1438 596 1557 635 etiam
1582 596 1622 634 in

193 662 469 703 vetustioribus
495 663 697 704 codicibus
722 664 927 704 nonnullas
953 664 1126 704 eiusdem
1150 663 1304 715 generis
1332 662 1511 702 inveniet.
1565 662 1622 701 Iis

196 733 333 769 contra
369 731 582 781 scripturis,
623 745 734 781 quae,
771 745 860 771 cum
890 732 1062 782 aliquem
1097 745 1252 771 sensum
1288 731 1481 780 efficiant,
1521 731 1623 770 tanti

195 798 381 837 momenti
407 811 488 837 esse
514 799 715 849 videntur,
752 803 798 839 ut
832 799 959 839 obiter
985 799 1095 850 tangi
1128 812 1205 838 non
1240 798 1420 848 debeant,
1456 798 1623 837 maxime

194 866 348 905 animus
370 867 628 907 attendendus
655 872 725 918 est,
754 882 853 918 cum,
879 869 913 907 si
937 868 1048 908 nobis
1075 868 1285 918 contingat,
1313 870 1359 906 ut
1384 879 1518 906 earum
1544 865 1623 905 sive

195 933 384 983 originem
410 935 489 973 sive
515 937 708 974 rationem
734 936 995 985 ostendamus,
1020 935 1106 974 fieri
1135 935 1270 985 possit,
1294 938 1341 972 ut
1367 934 1415 972 de
1439 933 1623 974 Vossiani

195 1001 419 1041 condicione
446 1006 595 1042 certum
620 1003 807 1043 iudicium
831 1003 1019 1043 faciamus
1046 1003 1388 1054 quaestionemque
1423 1001 1474 1041 ad
1506 1001 1622 1041 finem

195 1069 444 1109 deducamus.
500 1069 616 1121 Quod
651 1075 696 1110 ut
732 1070 964 1120 efficiamus,
1003 1084 1104 1110 nunc
1130 1071 1300 1121 singulas
1332 1071 1518 1109 lectiones
1543 1082 1623 1108 am-

194 1136 333 1186 biguas
356 1137 629 1178 examinemus.
683 1138 847 1178 Initium
882 1138 1008 1178 facere
1041 1138 1138 1178 libet
1163 1151 1188 1177 a
1213 1151 1268 1177 vs.
1299 1139 1518 1187 131-134,
1555 1137 1622 1187 qui

195 1216 221 1242 a
246 1203 438 1243 Bembino
465 1209 504 1244 et
531 1205 845 1256 Cantabrigiensi
869 1207 928 1244 ita

297 1288 488 1337 posterius
514 1289 578 1328 cui
603 1288 860 1339 Demophoon
886 1291 1046 1329 aeterna
1073 1288 1232 1339 reliquit

296 1355 501 1406 perfidiam
525 1357 767 1397 lamentandi
792 1357 897 1396 mala
923 1356 1074 1407 perfida
1095 1356 1229 1396 multis

298 1423 445 1474 perfide
470 1423 729 1475 Demophoon
756 1428 795 1464 et
819 1437 920 1464 nunc
949 1424 1113 1464 defende
1138 1424 1462 1475 puellis-puellam
1495 1423 1532 1462 B
1558 1436 1623 1473 mg

192 1505 217 1530 a
244 1491 437 1533 Vossiano
465 1493 567 1532 hunc
592 1494 633 1532 111
659 1493 818 1533 modum
842 1493 1073 1533 exhibentur

296 1569 488 1618 posterius
515 1571 584 1619 qui
608 1571 866 1620 Demophoon
890 1574 1050 1608 aeterna
1074 1570 1234 1620 reliquit

295 1636 502 1687 perfidiam
528 1637 770 1677 lamentandi
794 1637 899 1677 mala
927 1636 1074 1688 perfide
1100 1636 1233 1677 multis

296 1705 444 1755 perfide
466 1705 725 1755 Demophoon
750 1706 764 1744 i
790 1718 892 1745 nunc
918 1705 1082 1745 defende
1108 1704 1271 1755 puellas.

302 1813 424 1854 Poeta
447 1815 579 1854 lucum
605 1814 760 1854 Dianae
786 1828 950 1865 sacrum,
988 1814 1030 1853 in
1056 1827 1173 1865 quem
1199 1817 1335 1865 pastor
1360 1826 1496 1864 greges
1523 1826 1623 1852 com-

192 1882 306 1932 pulit,
333 1883 536 1922 describit:
568 1887 770 1923 enumerat
796 1883 956 1923 arbores
982 1886 1026 1921 ut
1052 1883 1248 1933 platanos,
1284 1882 1422 1931 lotum,
1459 1881 1623 1932 populos

192 1950 254 1988 vel
274 1949 397 1999 alnos,
423 1951 463 1989 in
486 1963 584 1999 quas
603 1950 804 1999 Heliades,
824 1950 1085 1989 Phaethontis
1103 1962 1267 1998 sorores,
1293 1961 1501 1988 conversae
1520 1952 1623 1997 sunt,

193 2020 238 2055 ut
253 2016 345 2055 inde
371 2030 396 2056 a
423 2030 477 2055 vs.
509 2020 582 2057 131
606 2017 870 2067 amygdalum,
899 2017 1010 2056 cuius
1038 2017 1204 2056 formam
1222 2016 1375 2066 Phyllis
1399 2015 1624 2066 Demopho-

195 2084 296 2123 ontis
315 2083 521 2134 perfidiam
546 2084 760 2123 lamentata
786 2084 927 2134 induit,
955 2088 1150 2123 annectat.
1203 2083 1325 2122 Haud
1352 2083 1465 2122 facile
1491 2096 1624 2122 versus

192 2150 466 2202 intelliguntur
492 2151 543 2190 ab
570 2151 837 2202 omnibusque,
872 2152 941 2202 qui
965 2153 1007 2191 in
1032 2151 1080 2192 iis
1106 2149 1407 2203 interpretandis
1433 2150 1625 2201 explican-

193 2218 330 2269 disque
350 2232 508 2270 operam
529 2222 754 2269 posuerunt,
779 2219 893 2258 valde
916 2220 1047 2259 vexati
1074 2224 1179 2259 sunt:
1209 2219 1325 2258 modo
1351 2220 1392 2257 in
1409 2218 1483 2258 hac
1508 2218 1622 2257 modo

192 2286 233 2325 in
251 2286 320 2326 illa
337 2299 430 2326 voce
453 2287 622 2327 editores
640 2287 850 2327 haeserunt
873 2300 998 2337 neque
1016 2287 1139 2326 ullam
1157 2287 1351 2337 integram
1369 2286 1622 2336 reliquerunt,

192 2358 239 2393 ut
264 2354 467 2405 scriptura,
494 2368 613 2404 quam
631 2355 789 2404 quidem
814 2355 1010 2394 novissimi
1037 2355 1258 2404 effecerunt,
1287 2368 1447 2405 prorsus
1469 2369 1494 2394 a
1511 2354 1622 2394 libris

192 2422 361 2462 recedat.
426 2421 727 2463 Concedendum
765 2426 824 2463 est
855 2434 997 2462 ¹versus
1038 2426 1085 2462 ut
1129 2422 1387 2474 dispiciantur
1430 2422 1622 2462 medelam

192 2489 384 2540 flagitare,
421 2490 490 2530 sed
515 2504 565 2530 an
594 2491 667 2531 viri
693 2491 799 2531 docti
822 2492 862 2530 111
888 2490 934 2530 118
968 2490 1218 2530 emendandis
1248 2490 1403 2541 longius
1429 2491 1623 2542 progressi

192 2559 282 2608 sint,
309 2558 537 2610 ambiguum
563 2561 633 2599 est.
686 2558 738 2599 Id
764 2562 898 2599 autem
929 2571 1000 2610 pro
1036 2563 1141 2599 certo
1174 2559 1453 2611 exploratoque
1479 2572 1622 2611 ponere
