1988 2992
927 208 1187 245 -28-

336 308 416 348 alio
448 311 680 359 argumento
712 321 811 360 opus
846 312 917 359 est,
955 296 1087 350 tamen
1123 309 1244 350 etiam
1276 310 1352 350 hoc
1386 309 1587 350 nobiscum
1621 313 1775 362 repute-

335 390 423 416 mus
449 380 646 428 pastorem
672 377 752 417 iam
778 381 895 418 antea
921 378 1178 418 resurrexisse
1201 392 1356 418 versum
1377 380 1452 418 187
1473 378 1647 419 indicare

573 475 582 484 .
611 475 620 484 .
649 459 739 485 cum
764 446 949 496 prosiluit
975 446 1224 486 furibundus.

335 512 478 563 Neque
507 514 550 553 id
583 513 739 553 silentio
765 515 1030 565 praetermitti
1056 515 1184 564 debet,
1218 526 1337 564 quam
1373 514 1560 566 languida
1592 518 1633 555 et
1658 519 1776 566 poeta

336 580 510 631 indigna,
541 581 573 619 si
608 585 738 621 totum
767 586 940 622 tenorem
968 583 1288 634 contemplamur,
1320 583 1372 622 sit
1396 583 1592 634 scriptura
1610 584 1775 636 resuryit

337 653 376 688 et
400 649 528 688 verbis
555 650 652 700 ipsis
681 651 923 691 continuatis
948 650 1163 691 refutetur:

493 716 671 768 impiger,
700 719 910 769 exanimis,
937 719 1003 758 vix
1026 731 1186 773 pompos
1211 721 1341 759 mente
1367 741 1407 747 —
1446 718 1618 770 resurgit

336 785 566 835 praesertim
600 800 687 825 cum
721 786 830 826 nulla
869 799 987 826 causa
1027 799 1123 826 sana
1147 786 1420 837 perspiciatur,
1462 800 1531 825 cur
1571 790 1774 827 auctorem

336 852 519 892 carminis
539 867 563 892 a
591 853 741 893 fervido
769 857 809 893 et
836 855 1005 894 excitato
1038 867 1181 905 genere
1207 854 1361 893 dicendi
1384 853 1584 904 relapsum
1611 867 1694 895 esse
1719 856 1772 895 ad

336 921 511 971 ineptam
536 924 575 960 et
602 922 717 971 quasi
744 921 1009 961 effeminatam
1035 921 1234 972 quandam
1257 922 1467 961 dictionem
1485 925 1677 972 putemus.

441 988 530 1027 Iam
564 990 799 1039 priusquam
833 989 1012 1041 pluribus
1048 1002 1180 1029 veram
1207 988 1392 1030 Vossiani
1420 988 1684 1029 condicionem
1715 999 1773 1026 os-

336 1056 557 1106 tendamus,
594 1058 646 1097 ad
682 1058 888 1098 nonnullos
915 1059 1021 1098 locos
1047 1071 1321 1109 properemus,
1357 1070 1524 1107 quorum
1550 1057 1599 1096 de
1625 1056 1772 1107 origine

336 1138 413 1164 non
432 1128 515 1164 tam
533 1129 685 1165 certum
711 1140 758 1166 ac
777 1126 982 1167 definitum
1008 1126 1195 1167 iudicium
1220 1125 1348 1166 facere
1366 1138 1585 1178 possumus,
1613 1124 1681 1165 sed
1705 1124 1772 1174 qui

333 1207 412 1233 non
439 1194 568 1233 minus
593 1194 701 1245 digni
727 1198 831 1244 sunt,
858 1196 926 1245 qui
950 1195 1085 1246 paucis
1112 1198 1343 1234 tractentur.
1397 1194 1637 1245 Incipiamus
1666 1206 1691 1232 a
1715 1206 1770 1232 vs.

334 1264 424 1311 200,
453 1273 571 1310 quem
600 1261 816 1302 Bembinus
845 1266 885 1301 et
911 1262 1250 1312 cantabrigiensis
1278 1263 1334 1301 sic
1361 1261 1546 1301 exhibent

490 1329 564 1368 hoc
592 1330 720 1369 minus
747 1330 942 1380 implicuit
977 1330 1064 1369 dira
1090 1329 1297 1369 formidine
1323 1332 1493 1368 mentem

332 1409 420 1435 cum
449 1395 667 1437 Vossianus
700 1397 806 1436 solus
840 1398 1006 1448 implevit
1040 1397 1240 1448 praebeat.
1304 1395 1559 1436 Subdifficilis
1587 1408 1676 1435 vero
1714 1398 1772 1434 est

332 1463 566 1515 disceptatio
606 1464 723 1505 huius
764 1478 907 1505 causae
949 1469 989 1505 et
1025 1465 1151 1516 magis
1193 1465 1235 1504 in
1268 1464 1405 1505 subtili
1432 1464 1576 1504 iudicio
1604 1463 1772 1503 cuiusvis

332 1545 451 1582 quam
470 1532 699 1583 cogentibus
718 1534 958 1584 argumentis
985 1534 1127 1585 posita,
1156 1547 1246 1573 cum
1274 1533 1458 1584 exiguum
1484 1532 1690 1572 discrimen
1716 1533 1772 1571 in-

331 1601 507 1641 tercedat
532 1601 635 1640 inter
661 1601 782 1641 verba
808 1603 957 1654 aliquid
982 1607 1141 1642 mentem
1158 1603 1345 1653 implicuit
1359 1604 1399 1641 et
1419 1601 1520 1640 inter
1538 1601 1687 1653 aliquid
1706 1631 1716 1640 .
1734 1631 1743 1640 .
1762 1631 1770 1640 .

332 1671 509 1721 implevit.
545 1670 603 1709 Ut
621 1670 755 1709 multis
773 1671 860 1709 aliis
885 1670 981 1709 locis
1000 1670 1056 1709 sic
1083 1671 1147 1709 hic
1165 1674 1253 1709 tota
1273 1669 1453 1719 quaestio
1475 1669 1580 1708 redit
1605 1668 1657 1708 ad
1683 1682 1770 1708 con-

330 1751 474 1777 nexum
501 1751 644 1787 rerum,
683 1738 752 1787 qui
779 1738 830 1777 ad
857 1737 1112 1777 difficultates
1148 1737 1344 1777 tollendas
1368 1750 1519 1788 semper
1544 1736 1624 1776 fere
1651 1737 1770 1788 pluri-

330 1819 437 1844 mum
473 1805 588 1844 valet.
644 1805 874 1846 Continuati
901 1809 1034 1845 autem
1062 1817 1207 1854 versus,
1243 1806 1276 1843 si
1303 1805 1398 1853 quid
1422 1804 1560 1853 sentio,
1586 1804 1627 1842 id
1654 1803 1770 1853 signi-

331 1872 468 1913 ficant:
498 1876 635 1924 pastor
652 1886 710 1923 eo,
738 1874 845 1924 quod
865 1873 1028 1924 periculi
1047 1872 1199 1913 nescius
1221 1872 1353 1912 subito
1377 1875 1597 1923 serpentem
1616 1871 1769 1923 aspicit,

330 1942 381 1980 ab
408 1954 454 1980 eo
482 1954 524 1980 se
547 1942 769 1991 defendere,
806 1941 1013 1980 formidine
1041 1954 1120 1979 non
1146 1940 1323 1989 affectus,
1349 1953 1427 1979 non
1452 1934 1682 1990 prohibetur
1705 1962 1769 1987 —,

331 2022 434 2059 quae
481 2011 673 2049 sententia
714 2012 755 2048 et
793 2010 1052 2049 vetustiorum
1091 2011 1131 2048 et
1166 2007 1391 2048 recentioris
1429 2006 1522 2047 libri
1567 2005 1770 2057 scripturis

331 2078 611 2126 adumbratur,
662 2089 905 2126 quamquam
954 2080 1124 2126 utraque
1169 2089 1248 2115 non
1295 2088 1455 2126 prorsus
1495 2075 1631 2114 eadem
1672 2074 1771 2112 indi-

330 2148 454 2185 catur·
518 2144 625 2185 Nam
669 2145 834 2197 implevit
869 2144 1096 2197 simpliciter
1135 2147 1194 2185 est
1225 2132 1421 2196 perfudit,
1462 2143 1604 2195 affecit,
1641 2142 1770 2195 impli-

329 2216 407 2253 cuit
440 2217 573 2253 autem
611 2219 644 2252 et
672 2213 849 2264 10εῆιαίἱί
883 2218 917 2252 et
948 2214 1141 2264 prohibuit
1179 2226 1230 2252 sc.
1264 2226 1301 2252 se
1331 2213 1549 2263 defendere,
1593 2213 1650 2250 ita
1686 2211 1770 2260 qui-

331 2282 432 2333 dem,
468 2285 514 2321 ut
538 2281 638 2321 illud
665 2280 899 2321 vocabulum
925 2281 1049 2332 magis
1085 2280 1125 2320 in
1156 2280 1380 2320 universum
1406 2280 1557 2320 dictum
1584 2278 1647 2330 sit,
1682 2278 1768 2328 hoc,

331 2365 419 2390 cum
454 2352 575 2390 etiam
600 2350 800 2389 notionem
832 2350 1067 2399 prohibendi
1096 2353 1136 2389 et
1161 2349 1417 2400 perturbandi
1451 2348 1617 2397 habeat,
1652 2347 1769 2397 plura

331 2418 660 2470 comprehendere
701 2417 895 2457 videatur.
960 2416 1052 2457 Hac
1100 2430 1192 2456 vero
1232 2415 1534 2456 ratiocinatione
1573 2414 1768 2454 adductus

331 2488 450 2527 etiam
478 2487 552 2527 hoc
579 2487 665 2527 1000
694 2490 914 2537 temperare
940 2485 1038 2525 mihi
1065 2498 1144 2525 11011
1170 2497 1339 2536 possum,
1363 2484 1460 2535 quin
1484 2483 1672 2526 Vossiani
1695 2482 1769 2522 100-

329 2556 477 2595 tionem
503 2554 665 2595 reiciam
692 2558 732 2595 et
758 2554 1028 2605 antiquiorum
1054 2553 1236 2594 codicum
1260 2552 1462 2604 propriam
1487 2564 1534 2592 ac
1560 2550 1769 2603 genuinam

331 2637 415 2665 esse
441 2627 631 2664 statuam.
