1988 2992
951 195 1213 232 —34-

462 292 580 333 Nunc
613 297 660 333 ut
686 294 738 334 ad
764 296 1008 345 propositum
1031 300 1285 347 revertamur,
1319 297 1512 347 scriptura
1530 298 1673 348 fetura,
1709 311 1798 338 cum

360 372 477 400 sensu
502 364 586 401 tam
612 361 722 401 firme
746 363 899 402 munita
926 363 988 413 sit,
1017 364 1081 403 vix
1106 368 1151 404 ut
1182 365 1230 404 de
1252 365 1491 415 proprietate
1515 365 1598 404 eius
1623 366 1799 406 dubitari

356 429 492 478 possit,
518 428 682 469 forsitan
712 430 797 469 iure
824 443 849 470 a
875 430 1060 472 Vossiani
1090 431 1309 472 fautoribus
1331 432 1524 472 obiciatur
1560 433 1671 473 nobis
1698 434 1797 474 iudi-

360 496 465 534 cium
497 496 546 536 de
585 497 669 537 eius
693 500 929 548 praestantia
955 500 1147 551 simulari
1173 500 1514 550 labefactantibus,
1543 501 1612 540 sed
1638 514 1688 540 ne
1715 515 1801 541 eam

358 563 518 613 quidem
536 564 587 603 ad
601 564 642 603 id
662 565 757 604 satis
776 565 956 604 idoneam
977 578 1060 605 esse
1078 567 1138 605 vel
1159 567 1250 605 inde
1270 567 1512 618 intelligitur,
1537 568 1643 618 quod
1665 569 1799 619 fetura

360 634 399 670 et
424 644 557 671 secura
582 631 722 672 litteris
749 645 826 672 non
852 633 1020 672 multum
1046 633 1205 674 distant.

463 699 610 751 Aptior
643 703 702 739 est
736 700 837 739 alter
872 700 1000 751 locus,
1039 701 1088 740 de
1124 714 1203 752 quo
1239 702 1456 752 quidquam
1493 703 1590 743 certi
1625 707 1798 743 statuere

358 780 505 808 vereor.
562 768 665 809 Sunt
691 781 747 808 vs.
774 770 979 808 148-149

514 846 575 886 his
601 846 761 887 suberat
788 846 926 898 gelidis
952 860 1118 887 manans
1145 861 1166 887 e
1190 847 1364 887 fontibus
1392 848 1500 888 unda

516 926 618 963 quae
644 914 794 953 levibus
820 915 1020 964 placidum
1045 915 1137 953 rivis
1165 918 1278 955 sonat
1300 919 1387 954 orta
1413 915 1615 964 liquorem.

360 990 576 1030 secundm
604 991 840 1031 Bembinum
867 996 907 1031 et
929 991 1301 1043 Cantabrigiensem,
1330 992 1565 1042 quibuscum
1582 992 1798 1035 Vossianus

359 1059 551 1097 consentit
592 1072 671 1097 uno
714 1059 988 1098 tantummodo
1029 1059 1218 1098 vocabulo
1258 1064 1419 1109 excepto
1460 1064 1546 1098 acta
1586 1072 1658 1109 pro
1701 1065 1796 1098 orta.

359 1123 550 1164 Lectione
602 1126 785 1178 liquorem
838 1126 983 1165 reiecta
1033 1125 1236 1177 Hauptius
1294 1127 1486 1178 liquorum
1538 1128 1702 1167 coniecit
1759 1131 1800 1167 et

358 1192 577 1233 Ribbeckio
603 1193 923 1243 Baehrensioque
949 1195 1007 1233 ita
1034 1193 1238 1243 satisfecit,
1267 1198 1311 1233 ut
1338 1195 1507 1234 libenter
1543 1208 1631 1234 eum
1668 1208 1801 1245 seque-

358 1264 507 1300 rentur.
563 1259 676 1311 Quae
712 1260 932 1300 emendatio
969 1273 1211 1310 quamquam
1247 1273 1325 1299 non
1360 1261 1531 1301 violenta
1558 1265 1628 1311 est,
1665 1265 1797 1301 tamen

358 1341 421 1367 me
463 1328 624 1380 quidem
670 1328 799 1367 iudice
846 1328 896 1367 de
945 1328 1060 1368 huius
1108 1331 1248 1379 poetae
1294 1342 1433 1379 genere
1484 1329 1637 1369 dicendi
1687 1330 1801 1369 nimis

359 1395 527 1435 fidenter
552 1395 835 1445 iudicaverunt,
863 1398 909 1434 ut
933 1395 1129 1446 placidum
1162 1396 1354 1446 liquorum
1379 1409 1513 1435 sonare
1541 1396 1592 1435 ab
1622 1397 1705 1435 eius
1740 1397 1796 1435 in-

358 1464 473 1514 genio
513 1463 685 1503 alienum
725 1466 923 1513 putarent.
992 1462 1294 1503 Ooncedendum
1340 1476 1429 1502 vero
1466 1468 1526 1503 est
1556 1463 1798 1503 simillimam

359 1531 570 1570 dictionem
597 1544 674 1570 non
701 1531 877 1580 inveniri,
905 1530 973 1570 sed
1000 1530 1290 1580 quodammodo
1311 1530 1479 1570 conferri
1497 1535 1661 1581 possunt
1679 1531 1799 1571 haec:

358 1599 464 1638 mala
503 1598 604 1638 dura
639 1598 733 1638 belli
771 1611 929 1647 sonare;
968 1612 1043 1638 vox
1077 1598 1273 1638 hominem
1309 1602 1442 1647 sonat;
1479 1611 1585 1649 aera,
1617 1600 1799 1639 aureolos

359 1678 520 1714 sonare,
563 1679 743 1716 crepare;
783 1666 969 1704 Manibus
1008 1666 1158 1705 faustos
1197 1670 1259 1704 ter
1298 1678 1459 1715 crepare
1497 1679 1611 1705 sonos
1651 1667 1803 1706 Musae.

358 1732 571 1773 Difficilius
592 1734 834 1784 disceptatur
850 1733 898 1773 de
916 1734 1078 1784 reliquis
1099 1733 1226 1773 verbis
1248 1733 1384 1772 levibus
1409 1735 1500 1773 rivis
1524 1738 1606 1773 orta
1631 1734 1800 1785 tuendis,

359 1814 450 1840 cum
487 1801 706 1843 Vossianus
741 1805 825 1840 acta
857 1800 1056 1851 praebeat.
1109 1801 1371 1844 Abundantia
1405 1805 1510 1840 certe
1545 1802 1586 1841 in
1621 1802 1694 1842 tali
1721 1803 1798 1845 elo-

359 1870 538 1918 cutione,
572 1869 701 1919 qualis
738 1882 763 1908 a
798 1868 909 1907 libris
944 1869 1107 1907 vetustis
1141 1868 1368 1917 exhibetur,
1406 1869 1526 1917 inest,
1560 1870 1627 1909 sed
1660 1883 1707 1909 ea
1742 1874 1801 1909 est

359 1936 534 1985 ubertas,
562 1949 666 1985 quae
692 1948 769 1974 non
798 1939 882 1974 tam
907 1936 1094 1984 languida
1122 1935 1277 1973 videtur
1303 1948 1423 1983 quam
1458 1935 1635 1984 plerique
1663 1937 1801 1974 docue-

359 2006 472 2052 runt;
513 2015 605 2042 nam
646 2002 797 2053 aliquid
839 2003 949 2052 novi,
992 2002 1067 2041 nisi
1106 2002 1244 2052 fallor,
1286 2002 1445 2042 additur
1480 2002 1598 2052 idque
1629 2003 1681 2042 ad
1717 2015 1801 2042 rem

359 2071 583 2109 distinctius
610 2070 1012 2120 comprehendendam
1037 2070 1144 2109 haud
1170 2070 1272 2108 male
1298 2070 1499 2108 idoneum:
1529 2071 1635 2109 unda
1660 2070 1800 2120 gelidis

360 2151 381 2177 e
408 2137 583 2177 fontibus
609 2140 756 2187 manat,
783 2150 856 2187 per
881 2137 1054 2176 diversos
1079 2138 1183 2177 rivos
1201 2137 1304 2176 leves
1322 2137 1349 2176 i.
1368 2150 1401 2176 e.
1429 2136 1544 2187 rivos,
1572 2138 1641 2188 qui
1664 2137 1803 2178 leviter

361 2295 501 2336 eiusque
524 2304 626 2335 quam
649 2294 784 2326 inducit
805 2303 945 2326 scaenae
966 2293 1166 2334 praesidem,
1191 2292 1336 2325 feturam
1363 2294 1531 2324 memorat
1557 2293 1597 2323 ut
1624 2291 1800 2332 proprium

359 2346 577 2388 primumque
599 2357 721 2379 munus
750 2346 841 2386 deae,
864 2346 959 2379 cuius
982 2345 1082 2378 ferias
1105 2345 1208 2377 etiam
1231 2345 1326 2377 fuere
1354 2344 1413 2385 qui
1434 2354 1455 2376 a
1480 2343 1645 2385 pariendo
1672 2342 1801 2376 Parilia

360 2398 527 2440 appellari
547 2398 794 2440 praeciperent,
817 2409 894 2430 cum
916 2397 1072 2439 genuisse
1086 2397 1208 2438 primo,
1230 2399 1304 2429 tum
1318 2396 1354 2428 in
1371 2396 1525 2428 futurum
1546 2395 1687 2437 gignere
1703 2395 1800 2427 deam

359 2450 532 2493 significat
551 2450 643 2483 bona
664 2450 870 2483 rusticorum
892 2449 950 2491 (cf.
973 2449 1036 2482 580
1057 2449 1148 2481 bona
1169 2448 1340 2491 pastoris),
1371 2457 1548 2480 nemorum
1578 2446 1689 2479 cultus
1711 2457 1800 2479 nove

359 2506 395 2536 et
415 2503 581 2536 audacter
602 2502 730 2542 scribit,
762 2503 843 2544 quia
872 2503 941 2534 iam
962 2501 1085 2534 tritum
1107 2504 1181 2533 erat
1203 2500 1314 2534 cultor
1341 2509 1517 2533 nemorum
1544 2500 1675 2541 (georg.
1698 2498 1718 2532 I
1734 2500 1799 2541 14),

360 2555 461 2588 culex
482 2557 598 2587 autem
618 2555 749 2597 pastori
771 2566 803 2588 v.
820 2555 882 2586 381
907 2557 944 2587 tu
966 2554 1043 2593 cole,
1071 2554 1195 2595 inquit,
1221 2562 1398 2586 nemorum
1420 2552 1539 2592 silvae,
1568 2552 1633 2584 hac
1661 2550 1800 2592 quidem

359 2607 513 2641 novitate
535 2606 694 2640 vocabuli
716 2617 868 2649 egressus
891 2606 994 2639 etiam
1016 2605 1133 2639 Ovidii
1156 2605 1337 2647 Gratiique
1359 2606 1514 2638 conata.“
