1988 2992
732 222 977 261 ..η-.-

287 322 355 364 sed
379 327 424 364 tu
450 324 630 377 crudelis,
655 326 835 366 crudelis*
849 330 895 366 tu
919 326 1054 377 magis,
1083 324 1258 378 Orpheu.

376 407 412 432 v.
440 396 517 433 305

285 472 387 509 quae
415 460 556 501 Troiae
583 461 715 501 videre
742 462 817 500 viri
842 462 1053 512 videreque
1080 460 1205 501 Graii.

129 544 174 581 ut
203 544 248 580 'v.
290 545 364 581 311
407 543 483 582 Ida
529 547 570 583 et
613 557 667 583 vs.
710 548 934 584 337—338
978 545 1154 584 reddidit.
1220 544 1345 584 Porro
1390 546 1557 585 alterum

129 623 314 660 magnum
339 611 492 650 lucrum
518 624 567 650 ex
591 612 666 651 hac
688 613 895 652 verborum
921 613 1192 652 coniunctione
1219 612 1394 664 facimus,
1424 627 1556 665 quam,

129 679 163 716 si
187 679 399 728 sequimur,
427 692 504 718 non
533 679 742 729 habemus,
779 693 850 719 cur
875 681 978 719 inter
1002 681 1215 731 scripturas
1245 682 1381 729 puellis
1405 682 1444 719 B
1456 683 1487 721 Ο
1517 687 1558 722 et

127 746 272 796 puellas
307 745 345 784 V
366 770 417 776 —
439 748 608 799 puellam
634 747 673 786 B
686 761 749 799 my
775 747 1022 798 fluctuemus,
1049 748 1166 787 immo
1188 749 1328 799 puellis
1352 748 1558 790 lectionem

130 813 181 853 ad
212 815 339 853 multis
364 814 529 854 relatam
555 816 763 855 retinemus
796 820 837 855 et
864 818 967 855 omni
1000 817 1223 855 coniectura
1250 817 1391 865 sicut1)
1427 817 1479 857 U.
1507 819 1557 857 de

130 881 421 921 Wilamowitzii
441 883 588 933 puellae
610 896 798 923 caremus
1136 923 1139 927 .

234 948 350 988 Nunc
389 951 422 989 si
462 951 584 990 totius
625 952 701 990 loci
733 955 906 991 tenorem
939 955 979 991 et
1004 953 1285 992 sententiarum
1310 965 1559 1003 progressum

130 1030 282 1056 mecum
326 1022 478 1068 reputo,
518 1019 649 1069 verba,
690 1020 737 1059 de
773 1020 916 1070 quibus
955 1020 1097 1070 agitur,
1138 1022 1195 1059 ita
1234 1020 1438 1060 scribenda
1477 1034 1559 1060 esse

130 1097 279 1124 censeo.

285 1155 481 1204 posterius
507 1155 572 1194 cui
597 1155 857 1205 Demophoon
883 1159 1043 1195 aeterna
1069 1156 1228 1205 reliquit

286 1222 490 1272 perfidiam
516 1223 757 1262 lamentandi
783 1224 906 1269 mala:
934 1223 1080 1274 perfide
1107 1224 1253 1272 multis,

286 1290 435 1339 perfide
462 1290 734 1341 Demophoon,
758 1295 799 1330 et
823 1304 925 1330 nunc
951 1291 1128 1330 deflende
1155 1291 1314 1341 puellis!

234 1367 396 1418 Restat,
433 1372 478 1408 ut
511 1372 820 1419 perscrutemur,
864 1369 960 1418 quid
996 1369 1088 1408 boni
1126 1369 1270 1418 quidve
1294 1369 1388 1407 mali
1414 1382 1462 1408 ex
1488 1369 1562 1408 hac

133 1435 390 1485 explicatione
423 1437 475 1475 ad
510 1440 590 1475 tres
625 1437 778 1475 codices
813 1437 1016 1475 redundet.
1071 1436 1294 1476 Oriundum
1330 1441 1388 1476 est
1424 1450 1514 1476 vero
1539 1450 1564 1476 a

132 1490 328 1553 scriptura
353 1502 536 1543 Vossiani

287 1571 434 1621 perfide
459 1571 720 1622 Demophoon
746 1571 760 1609 i
783 1584 888 1610 nunc
914 1570 1078 1611 defende
1102 1572 1265 1622 puellas.

134 1661 234 1698 quae
254 1649 404 1698 aliquid
426 1649 525 1688 lucis
551 1650 768 1699 quaestioni
793 1650 842 1688 de
866 1650 948 1688 eius
967 1653 1108 1689 natura
1125 1650 1264 1689 afferre
1282 1650 1448 1699 videtur,
1476 1663 1564 1688 cum

134 1730 181 1756 ex
208 1717 468 1768 discrepantia
488 1716 793 1769 perfide-perfida
815 1718 946 1756 multis
971 1717 1068 1756 nihil
1092 1718 1273 1768 colligere
1291 1717 1421 1757 liceat.
1461 1718 1565 1758 Con-

135 1786 309 1823 sentiunt
335 1798 467 1824 omnes
493 1786 574 1824 fere
600 1785 756 1834 defende
782 1785 1034 1834 depravatam
1061 1798 1192 1824 vocem
1211 1787 1251 1824 in
1267 1785 1431 1835 deflende
1448 1786 1564 1824 corri—

134 1852 301 1902 gendam
319 1865 407 1891 cum
422 1853 665 1891 antecedenti
683 1853 858 1891 vocativo
878 1852 1020 1903 perfide
1032 1852 1237 1891 cohaerere
1251 1852 1276 1890 i.
1296 1866 1329 1892 e.
1348 1852 1427 1909 duo
1446 1865 1564 1891 mem-

134 1921 206 1959 bra
227 1919 369 1970 perfide
389 1920 629 1970 Demophoon
655 1924 695 1958 et
721 1933 823 1958 nunc
847 1920 1011 1969 deflende
1029 1921 1169 1970 puellis
1195 1933 1273 1958 non
1297 1920 1562 1968 discernenda,

134 1987 202 2026 sed
229 1991 317 2026 arto
344 1987 496 2027 vinculo
524 1988 792 2038 coniungenda
818 2000 913 2027 esse.
967 1987 1017 2026 Id
1044 2000 1135 2026 vero
1163 1988 1359 2038 particula
1385 1993 1429 2038 et,
1458 2000 1560 2037 quae

133 2056 174 2093 in
197 2056 373 2106 plurimis
400 2055 511 2093 libris
538 2058 677 2103 exstat,
704 2058 793 2105 apte
820 2055 1002 2104 nectitur,
1026 2056 1270 2094 vehementer
1294 2060 1429 2094 contra
1459 2069 1563 2094 rum-

131 2123 239 2173 pitur
265 2122 482 2173 imperativi
508 2121 633 2161 forma
667 2124 694 2172 i,
731 2135 850 2172 quam
876 2123 1094 2164 Vossianus
1121 2122 1289 2162 exhibet.
1343 2122 1460 2161 Unde
1489 2136 1555 2173 ap-

133 2194 247 2240 paret
270 2190 371 2229 hanc
393 2203 475 2229 esse
498 2203 659 2240 pravam
685 2190 888 2229 lectionem
917 2203 963 2229 ac
988 2203 1038 2229 ne
1068 2190 1226 2240 dignam
1252 2191 1422 2240 quidem,
1460 2203 1563 2240 quae

134 2258 313 2309 pluribus
340 2257 535 2307 eludatur,
562 2261 608 2296 ut
634 2258 675 2296 id
700 2258 815 2297 modo
842 2258 1108 2308 indagandum
1136 2270 1218 2296 esse
1244 2258 1435 2308 videatur,
1466 2258 1563 2307 quid

134 2327 185 2366 ad
213 2340 299 2366 eam
320 2325 563 2365 efficiendam
590 2325 767 2364 valuerit.
821 2324 953 2365 Causa
979 2329 1113 2365 autem
1150 2338 1338 2364 consensu
1373 2325 1562 2374 codicum,

135 2395 204 2443 qui
228 2394 383 2444 defende
407 2393 604 2443 praebent,
626 2393 796 2432 dilucide
822 2393 1039 2432 indicatur:
1077 2393 1273 2443 librarius,
1295 2406 1384 2432 cum
1409 2393 1565 2443 defende

221 2539 247 2579 ¹)
277 2548 378 2579 quam
406 2538 582 2570 Knaakius
611 2538 784 2578 „analecta
812 2517 1201 2569 Alexandro-Roman&
1230 2548 1260 2569 a.
1288 2538 1370 2569 1880
1398 2548 1432 2578 p.
1458 2538 1501 2569 42
1528 2537 1564 2568 in

134 2592 330 2622 transcursu
360 2592 519 2621 testatur:
565 2589 664 2621 codd.
696 2588 826 2630 puellas
853 2588 897 2630 (P)
930 2590 991 2620 aut
1017 2588 1184 2629 puellam,
1219 2588 1334 2630 recepi
1367 2588 1563 2621 facillimam

134 2642 388 2676 Wilamowitzii
410 2642 680 2676 emendationem
703 2641 875 2683 „puellae“
889 2666 897 2675 .
910 2666 918 2674 .
932 2667 939 2674 .
953 2667 960 2675 .
