1988 2992
915 187 1181 224 —40-.

428 287 540 339 Quae
567 289 696 328 omnia
730 289 763 327 si
788 289 828 327 in
856 302 977 328 unum
1005 289 1380 339 comprehendimus,
1416 290 1457 328 id
1491 290 1760 330 contendimus

324 356 376 395 ad
419 356 559 396 Culicis
600 357 783 403 carminis
817 357 926 396 verba
961 357 1103 397 edenda
1139 358 1303 396 maxime
1341 357 1518 397 Bembim’
1550 362 1583 397 et
1626 357 1763 397 Canta-

325 424 521 475 briyiensis
558 428 679 475 utpote
716 426 943 476 optimorum
979 425 1148 464 codicum
1184 425 1352 464 subsidia
1397 438 1462 465 nec
1501 426 1576 464 nisi
1613 438 1763 465 summa

325 493 495 531 cautione
530 492 699 531 adhibita
741 492 915 532 Vossiani
951 493 1060 544 foede
1097 494 1312 545 interpolati
1356 494 1545 532 auxilium
1583 494 1763 534 advocaw

325 560 418 598 dum
449 572 533 599 esse.

433 627 630 679 Quoniam
657 629 789 669 adhuc
816 630 979 680 singulis
1005 629 1102 669 locis
1126 630 1298 679 trutina,
1333 632 1380 668 ut
1406 630 1463 668 ita
1490 630 1630 680 dicam,
1667 631 1763 670 artis

327 695 484 734 criticae
512 697 686 746 pensatis
713 697 766 737 ad
793 698 867 737 hoc
894 697 1083 736 iudicium
1105 697 1336 737 Baehrensii
1364 697 1579 737 sententiae
1604 712 1764 749 prorsus

327 765 565 804 contrarium
600 766 867 815 pervenimus,
904 778 1006 804 nunc
1043 766 1076 805 si
1102 766 1231 816 placet
1265 766 1632 816 circumspiciamus,
1671 780 1765 806 num

329 832 432 872 forte
460 833 700 872 extrinsecus
727 846 855 883 pauca
881 837 1115 883 argumenta
1141 834 1193 872 ad
1221 833 1319 872 illud
1346 832 1582 880 firmandum
1609 846 1649 873 se
1676 833 1766 873 offe-

327 904 431 948 rant,
459 913 531 940 nec
552 904 685 940 tamen
711 901 753 940 id
782 900 1060 940 obliviscamur
1088 902 1127 939 in
1154 901 1251 940 locis
1277 901 1372 952 ipsis
1400 914 1553 941 omnem
1579 902 1658 941 vim
1683 902 1759 942 dis-

328 969 546 1019 putationis
578 969 766 1018 positam,
794 971 925 1007 cetera
951 981 1042 1007 vero
1075 968 1172 1007 nihil
1197 968 1272 1008 nisi
1299 969 1470 1008 iucunda
1494 982 1578 1009 esse
1603 970 1764 1019 auxilia,

329 1049 431 1087 quae
458 1036 509 1076 ad
539 1035 835 1076 fundamentum
863 1036 968 1076 omni
987 1050 1033 1076 ex
1056 1039 1167 1087 parte
1194 1036 1471 1076 stabiliendum
1497 1037 1638 1077 idonea
1664 1041 1764 1077 sunt.

329 1105 516 1145 Profecto
545 1105 624 1144 duo
650 1108 848 1144 momenta
876 1108 1100 1155 suppetunt,
1129 1105 1270 1154 quibus
1296 1105 1355 1144 illi
1381 1105 1463 1145 viro
1489 1106 1607 1145 docto
1634 1106 1767 1145 adver-

331 1176 463 1213 santes
491 1173 671 1222 multum,
698 1172 772 1211 nisi
799 1172 928 1222 fallor,
957 1171 1201 1211 adiuvamur.

436 1243 472 1280 1.
501 1235 740 1280 Vossianum
766 1252 903 1279 revera
922 1240 1034 1279 foede
1052 1240 1333 1290 interpolatum
1354 1245 1393 1280 et
1410 1240 1602 1280 Bembino
1625 1241 1768 1280 Canta-

331 1308 595 1358 brigiensique
617 1307 930 1358 postponendum
949 1320 1032 1347 esse
1051 1321 1163 1347 nemo
1182 1308 1296 1348 valde
1319 1309 1495 1357 miretur,
1515 1309 1546 1348 si
1573 1309 1621 1348 de
1638 1312 1770 1348 aetate

332 1377 510 1416 codicum
545 1376 796 1427 cogitaverit,
834 1376 945 1426 quae}
972 1389 1123 1427 semper
1158 1378 1204 1426 ei,
1238 1377 1307 1427 qui
1343 1378 1561 1427 complures
1597 1377 1770 1416 eiusdem

333 1445 533 1496 scriptoris
566 1457 795 1484 recensurus
833 1447 893 1483 est
906 1475 915 1494 ,
951 1444 1118 1483 maxime
1154 1444 1395 1495 respicienda
1430 1449 1510 1496 est,
1547 1458 1637 1484 nam
1673 1445 1771 1484 haec

334 1518 414 1554 stat
442 1514 647 1563 sententia,
684 1513 736 1553 ad
764 1527 883 1563 quam
919 1514 1051 1553 omnia
1075 1513 1221 1553 iudicia
1255 1514 1303 1553 de
1340 1514 1387 1552 iis
1416 1514 1647 1564 plerumque
1680 1514 1771 1553 diri—

333 1585 492 1632 guntur,
520 1584 578 1630 ut,
604 1594 682 1631 quo
705 1582 939 1620 vetustiores
967 1584 1058 1620 sunt
1083 1581 1186 1631 libri,
1216 1594 1260 1621 eo
1288 1582 1474 1620 maiorem
1498 1583 1772 1621 auctoritatem

335 1663 382 1690 ac
408 1650 526 1689 fidem
552 1649 725 1689 habeant
752 1662 823 1688 nec
850 1649 924 1688 nisi
950 1649 1172 1689 iustissimis
1200 1650 1326 1689 causis
1360 1649 1409 1689 de
1435 1649 1510 1689 hac
1533 1650 1685 1689 ratione
1709 1649 1772 1689 de-

335 1717 473 1757 cedere
508 1717 639 1755 liceat.
702 1716 820 1756 Nunc
856 1730 946 1756 vero
982 1717 1201 1757 Vossianus
1238 1718 1288 1757 ab
1325 1718 1506 1757 omnibus
1544 1730 1644 1756 saec.
1672 1716 1771 1766 XV,

336 1785 552 1826 Bembinus
579 1788 716 1825 contra
743 1798 843 1825 saec.
871 1785 954 1835 IX,
980 1784 1315 1836 Cantabrigiensis
1342 1799 1442 1826 saec.
1461 1785 1632 1825 X——XI
1659 1785 1773 1824 ascri-

337 1854 497 1902 buntur,
525 1856 571 1892 ut
602 1854 643 1893 id
670 1854 777 1909 haud
805 1855 990 1904 exiguum
1022 1855 1209 1906 temporis
1237 1855 1338 1893 inter
1366 1867 1431 1893 eos
1464 1854 1658 1893 interiecti
1689 1853 1773 1891 iure

337 1934 408 1962 nos
428 1922 477 1961 de
494 1922 740 1971 praestantia
758 1922 955 1972 Vossiani,
975 1923 1140 1962 recentis
1163 1923 1265 1972 libri,
1290 1922 1471 1961 dubitare
1494 1925 1620 1973 cogat.
1666 1921 1774 1959 Fieri

339 1991 479 2031 saltem
505 1993 652 2041 potest,
690 1993 736 2029 ut
772 2003 819 2029 ex
854 1990 979 2030 altero
1015 1991 1216 2041 archetypi
1253 1990 1479 2041 apographo
1515 1989 1674 2029 meliore
1709 1988 1774 2028 de-

338 2061 508 2110 scriptus
534 2057 688 2098 fidelius
716 2058 834 2098 verba
858 2063 998 2109 poetae
1024 2059 1186 2108 reddat,
1223 2058 1291 2098 sed
1327 2058 1401 2097 hac
1426 2059 1467 2096 in
1500 2071 1543 2096 re
1575 2070 1775 2113 nunquam

338 2128 379 2167 id
418 2126 678 2178 praetermitti
719 2126 836 2166 debet
876 2139 1009 2166 omnes
1051 2126 1192 2166 aetatis
1232 2126 1454 2166 litterarum
1488 2125 1774 2180 renascentium

339 2196 491 2236 codices
514 2195 679 2245 vestigia
697 2195 1010 2245 interpolationis
1037 2198 1173 2245 aperte
1200 2195 1388 2245 praebere
1415 2195 1465 2233 ob
1493 2194 1610 2244 idque
1636 2195 1775 2244 ipsum,

340 2264 495 2304 etiamsi
529 2262 706 2313 singulae
744 2262 870 2302 bonae
906 2264 1123 2313 scripturae
1155 2263 1420 2312 inveniantur,
1459 2266 1591 2302 tamen
1625 2274 1777 2311 semper

341 2333 565 2373 cautissime
585 2330 826 2371 adhibendos
851 2344 945 2370 esse.
985 2330 1092 2371 Nam
1112 2334 1157 2369 ut
1175 2330 1382 2382 Byzantini
1402 2330 1455 2370 sic
1473 2329 1607 2370 Latini
1626 2329 1777 2369 scribae

340 2400 470 2439 medio
493 2412 588 2439 aevo
618 2403 783 2438 exeunte
809 2399 850 2438 id
878 2399 1070 2449 imprimis
1097 2402 1389 2450 spectaverunt,
1423 2401 1468 2437 ut
1500 2401 1671 2446 textum,
1709 2397 1777 2447 qui

348 2468 532 2509 facillime
561 2467 853 2520 intelligeretur,
887 2467 1131 2518 praeberent,
1159 2481 1236 2507 non
1264 2471 1309 2507 ut
1334 2468 1374 2517 ii,
1400 2467 1467 2518 qui
1494 2469 1611 2506 antea
1635 2478 1777 2505 munus

342 2537 588 2578 describendi
628 2536 848 2585 subierant,
889 2536 1008 2575 verba
1042 2535 1212 2575 fideliter
1250 2537 1443 2575 sententia
1481 2548 1558 2574 non
1602 2537 1778 2585 respecta

344 2605 582 2645 exhiberent.
645 2604 696 2644 Id
733 2604 1005 2655 pervulgatum
1051 2608 1109 2644 est
1143 2603 1453 2655 aestimandique
1491 2606 1581 2643 sunt
1618 2591 1676 2642 ex*
1703 2603 1778 2642 hac
