1988 2992
179 329 267 356 cum
301 314 368 354 ille
402 328 472 366 pro
505 327 585 354 vere
621 315 662 354 in
696 314 832 355 tradat
858 316 972 355 etiam
997 315 1051 356 in.
1108 314 1159 354 In
1186 313 1368 354 Bembini
1396 316 1436 354 et
1463 312 1608 355 Canta-

179 381 385 433 brigiensis
414 381 609 432 scriptura
635 381 838 433 Hauptius
861 382 988 421 haesit
1008 385 1055 421 -et

333 463 435 489 nunc
459 462 622 500 veprum
648 449 689 489 in
714 449 845 501 gelida
872 463 988 501 saepe
1015 449 1165 490 lacerta
1190 448 1289 489 latet

181 543 226 548 —-
255 531 362 569 saepe
384 518 596 557 deteriores
625 518 716 557 libri
742 541 793 546 —
820 518 1005 568 coniecit,
1038 519 1106 558 sed
1129 518 1205 558 hac
1232 517 1504 557 emendatione
1531 530 1607 557 non

179 599 276 638 opus
290 589 330 625 et
345 586 601 625 vetustiorum
611 586 787 626 codicum
795 585 998 626 lectionem
1009 585 1254 625 retinendam
1264 598 1346 625 esse
1356 584 1608 637 Buecheler¹)

178 655 399 704 nuperrime
428 654 580 704 docuit,
618 654 721 694 unde
747 654 932 696 Vossiani
956 654 1076 693 verba
1101 655 1214 693 etiam
1239 655 1279 692 in
1292 684 1303 704 ‚
1329 666 1432 703 quae
1459 654 1498 692 in
1525 667 1608 693 sen-

177 721 342 761 tentiam
377 734 455 761 non
493 722 588 761 satis
615 722 830 772 quadrant,
866 721 966 761 falsa
995 725 1034 761 et
1057 721 1224 760 fortasse
1251 734 1274 759 a
1300 720 1483 771 librario,
1521 735 1609 761 cum

177 802 258 829 vere
278 790 321 828 in
340 790 467 841 9elida.
492 790 573 829 sede
600 803 676 829 non
700 789 973 839 intellexisset,
1001 788 1239 839 interpolata
1264 801 1348 827 esse
1376 789 1606 829 concludere

177 856 288 896 nobis
311 856 412 896 licet.

280 922 467 964 Alterum
499 938 679 976 carmen,
720 925 825 976 quod
861 925 1004 964 cursim
1038 924 1351 974 perlustraturus
1383 937 1465 964 sum
1478 955 1488 974 ‚
1529 938 1607 965 non

176 992 379 1043 pauciores
406 1006 524 1043 quam
551 992 676 1034 Culex
703 997 743 1033 et
768 992 879 1044 Oopa
906 992 1187 1043 discrepantias
1209 991 1393 1034 Vossiani
1420 1006 1444 1032 a
1469 993 1606 1033 ceteris

177 1060 377 1099 codicibus
404 1061 443 1099 in
470 1061 594 1110 iisque
620 1061 827 1100 nonnullas
853 1062 973 1100 etiam
998 1061 1120 1100 bonas
1147 1061 1309 1110 praebet
1335 1073 1406 1099 nec
1432 1046 1560 1100 tamen
1583 1075 1608 1101 a

178 1128 305 1168 scriba
331 1127 436 1167 illius
461 1127 552 1167 libri
576 1141 624 1167 ex
650 1128 938 1179 praestantiore
963 1127 1071 1167 fonte
1100 1127 1338 1179 descriptum
1366 1141 1449 1168 esse
1478 1128 1608 1168 Baeh-

177 1195 328 1234 rensius
343 1195 541 1234 iudicavit.
581 1192 865 1244 Praeterquam
883 1196 988 1245 quod
1006 1197 1047 1233 in
1066 1195 1261 1235 Vossiano
1284 1197 1382 1234 duas
1400 1197 1607 1235 verborum

177 1262 471 1302 transiectiones
500 1266 539 1302 et
565 1262 604 1301 in
631 1276 666 1301 v.
687 1265 709 1301 5
739 1263 875 1301 sensim
901 1263 968 1301 vili
992 1275 1063 1313 pro
1088 1262 1155 1301 vili
1180 1263 1315 1301 sensim
1343 1265 1382 1301 et
1408 1262 1449 1301 in
1467 1276 1502 1301 v.
1532 1265 1606 1302 116

176 1335 256 1369 tum
289 1331 418 1382 diqitis
454 1330 606 1369 demum
638 1343 710 1381 pro
746 1335 827 1369 tum
866 1330 1018 1369 demum
1053 1330 1182 1382 diyitis
1217 1330 1456 1380 invenimus,
1496 1344 1609 1371 verae

175 1398 464 1438 emendationes
492 1410 575 1437 esse
601 1398 782 1438 videntur
806 1398 901 1438 hae:

278 1465 327 1505 In
360 1479 395 1505 v.
433 1469 456 1505 3
494 1466 611 1505 ceteri
644 1479 778 1506 omnes
813 1466 904 1506 libri
937 1467 1024 1518 aqri
1058 1465 1240 1515 tradunt,
1278 1464 1497 1506 Vossianus
1534 1467 1608 1505 orti

177 1534 246 1585 (=
263 1533 385 1585 horti)
411 1533 544 1583 habet,
574 1546 675 1583 quae
703 1534 908 1573 diversitas
935 1533 1042 1572 haud
1068 1532 1185 1572 dubie
1204 1533 1364 1573 consilio
1384 1533 1519 1573 effecta
1538 1537 1608 1583 est,

176 1614 264 1640 cum
299 1601 389 1640 inde
424 1614 448 1640 a
474 1614 508 1640 v.
533 1604 578 1640 61
614 1605 733 1651 poeta
772 1601 821 1640 de
859 1600 999 1642 Simuli
1035 1600 1148 1639 horto
1186 1600 1372 1651 loquatur
1408 1600 1458 1639 ob
1490 1600 1607 1650 idque

175 1671 315 1719 ipsum,
342 1672 386 1708 ut
411 1669 575 1719 videtur,
602 1669 785 1709 librarius
812 1669 982 1719 hortum,
1009 1682 1087 1707 non
1114 1682 1251 1719 agrum
1271 1668 1408 1708 rustici
1427 1668 1607 1719 exiguam

174 1736 456 1786 possessionem
475 1735 670 1775 definitius
691 1749 773 1776 esse
791 1737 969 1776 voluerit.
1006 1734 1193 1774 Alterum
1207 1736 1357 1786 insigne
1371 1736 1602 1786 exemplum,

175 1804 281 1854 quod
307 1804 458 1843 scribae
479 1805 711 1844 correctioni
738 1804 916 1854 debetur,
944 1803 1113 1844 occurrit
1139 1804 1179 1842 in
1206 1816 1260 1842 vs.
1291 1805 1337 1843 13

330 1871 488 1911 tandem
514 1875 699 1922 concepto
728 1872 797 1911 sed
820 1872 889 1911 lux
913 1872 1064 1921 fulgore
1089 1871 1236 1910 recedit

176 1938 394 1980 Vossianus

316 2003 491 2046 'tandem
520 2011 704 2057 concepto
733 2007 918 2046 tenebrae
941 2007 1095 2058 fulgore
1122 2007 1308 2046 recedunt

261 2164 287 2205 ¹)
310 2163 346 2195 in
367 2162 433 2195 Rh.
456 2163 503 2195 M.
526 2174 556 2195 a.
578 2164 661 2195 1890
680 2175 713 2205 p.
736 2164 815 2196 323:

258 2226 291 2247 v.
312 2216 354 2247 28
377 2226 486 2256 „nunc
508 2226 587 2248 vere
609 2215 645 2247 in
667 2215 782 2258 gelida
804 2215 882 2247 sede
903 2215 1032 2247 lacerta
1052 2214 1156 2247 latet“
1183 2225 1263 2257 ergo
1287 2215 1368 2247 alias
1391 2215 1481 2247 idem
1503 2215 1606 2247 iacta-

174 2269 232 2299 tur
253 2266 346 2299 falso.
390 2267 499 2300 Velut
519 2267 720 2309 Vergiliana
740 2277 885 2308 persona
906 2267 942 2298 in
965 2266 1068 2299 Alexi
1095 2266 1164 2308 v.[9
1194 2278 1312 2307 „nunc,
1341 2267 1463 2308 inquit,
1494 2267 1605 2300 occul-

174 2321 252 2351 tant
273 2319 406 2360 spineta
419 2319 584 2351 lacertos“
614 2330 653 2351 ac
675 2319 799 2351 deinde
825 2330 856 2351 v.
883 2319 925 2350 66
951 2319 1163 2359 vespertinae
1192 2319 1314 2359 quietis
1343 2321 1377 2350 et
1404 2319 1484 2351 solis
1511 2320 1606 2351 dece-

175 2371 286 2404 dentis
305 2371 486 2414 imaginem
507 2374 749 2413 repraesentat,
771 2374 811 2404 ut
831 2382 901 2404 non
923 2373 993 2403 tam
1014 2381 1093 2403 vere
1114 2370 1202 2403 illud
1224 2370 1267 2403 de
1288 2370 1382 2403 horis
1404 2370 1601 2404 meridianis

176 2423 300 2456 dixisse
321 2424 479 2456 videatur
502 2435 602 2466 quam
623 2423 772 2466 figurate
794 2423 837 2456 de
859 2426 954 2456 aestu
976 2426 1011 2456 et
1031 2423 1294 2465 refrigeratione
1323 2424 1460 2465 amoris;
1489 2426 1605 2456 utrum

180 2475 322 2518 Vergilii
344 2476 607 2517 descriptionem
628 2476 684 2508 hic
705 2478 807 2517 poeta
832 2476 1020 2517 respexerit
1047 2476 1155 2517 (certe
1183 2475 1234 2507 illi
1263 2475 1400 2516 quidem
1429 2479 1605 2518 acceptum

174 2527 281 2560 refert
311 2528 492 2569 superioris
523 2538 638 2561 versus
660 2528 790 2561 exitum
816 2527 959 2561 arbusta
990 2527 1139 2568 cicadae)
1175 2538 1218 2559 an
1249 2538 1334 2569 quae
1367 2528 1434 2560 alia
1460 2530 1534 2561 tum
1564 2528 1606 2560 de

174 2579 319 2613 bestiola
339 2591 426 2623 vaga
447 2582 483 2612 et
502 2590 648 2621 nequam
670 2582 808 2613 cantata.
828 2582 889 2613 aut
909 2591 1063 2613 sermone
1083 2580 1168 2613 trita
1189 2575 1331 2620 fuerint,
1361 2590 1493 2621 nequeo
1524 2580 1605 2612 satis

176 2630 367 2673 decernere,
387 2634 524 2665 tantum
544 2632 653 2665 sentio
676 2632 804 2674 optime
824 2632 950 2665 habere
971 2631 1045 2666 sede
1066 2642 1129 2665 nec
1150 2632 1238 2665 male
1259 2642 1342 2666 vere.
