1988 2992
824 217 1084 254 -,-21-

241 326 280 363 et
310 321 428 362 huius
462 323 504 359 et
537 322 756 359 ceterorum
793 319 971 359 codicum
1006 319 1143 370 aequis
1183 319 1322 359 animis
1357 319 1419 358 vel
1451 318 1671 370 paullulum

240 390 433 431 rationem
458 388 685 428 habeamus.

343 456 473 497 Multo
498 456 651 497 facilius
677 456 730 496 ad
748 455 1037 508 explanandum
1059 457 1230 496 occurrit
1247 469 1370 507 genus
1388 455 1671 508 discrepantiae

238 528 280 567 in
306 525 482 566 versibus
508 524 835 575 subsequentibus
860 537 917 564 vs.
946 526 1166 564 251—252.

393 594 473 632 iam
499 591 741 632 Pandionias
767 591 1010 632 miserandas
1037 592 1146 643 prole
1172 592 1323 643 puellas

394 672 561 710 quarum
587 672 663 699 vox
689 660 722 699 it
748 659 935 710 inedytyn
962 672 1041 710 quo
1068 659 1274 700 Bistonius
1300 672 1369 699 rex
1396 659 1435 698 B

582 727 687 766 vexit
712 727 889 778 inedityn
918 727 951 766 G

438 806 563 844 quare
584 807 659 833 vox
684 794 851 835 iteratur
876 794 964 834 itim
998 793 1036 832 V

343 861 493 901 Procne
517 861 739 902 Pandionia
764 863 851 914 ipsa
876 862 969 913 Ityn
995 861 1121 901 filium
1157 874 1206 901 ex
1237 874 1279 900 se
1316 863 1357 900 et
1381 859 1506 900 Tereo
1532 863 1669 900 natum

240 929 382 970 occidit
408 930 590 981 patrique
623 931 663 970 in
696 930 821 982 epulis
847 930 1033 982 apposuit
1066 933 1106 970 et
1142 943 1230 969 cum
1257 917 1389 969 sorore
1414 927 1590 980 profugit
1613 941 1670 968 se-

239 997 411 1037 cundum
451 996 558 1048 Hyg.
599 997 679 1037 fab.
717 1000 790 1048 45,
831 999 895 1037 cui
932 997 1068 1049 Apoll.
1108 997 1204 1037 bibl.
1246 997 1319 1036 [Π
1335 996 1422 1049 1418
1460 996 1671 1048 respondet

239 1061 282 1117 (ἦ
305 1064 346 1104 δὲ
373 1063 556 1117 (Πρόκνη)
583 1062 844 1119 ἀναζητήσασα
876 1064 943 1118 τήν
976 1063 1148 1118 ἀδελφὴν
1175 1067 1310 1104 κτείνει
1335 1063 1402 1104 τὸν
1426 1064 1550 1104 παῖδα
1572 1063 1671 1104 Ἴτυν

237 1131 299 1171 καὶ
327 1132 582 1184 καθεψήσασα
606 1137 719 1185 Τηρεῖ
742 1133 896 1173 δεῖπνον
921 1135 1167 1185 παρατίθησι.
1217 1132 1357 1185 Τηρεύς
1380 1132 1424 1172 δὲ
1440 1130 1672 1182 αἰσθόμενος

237 1197 416 1252 ἁρπάσας
440 1201 600 1240 πέλεκυν
624 1199 787 1241 ἐδίωκεν.
812 1202 857 1241 αἳ
873 1201 915 1241 δὲ
937 1199 977 1241 ἓν
1003 1200 1153 1252 Δαυλίᾳ
1177 1203 1246 1252 τῆς
1272 1199 1442 1248 Φώκιδος
1476 1197 1672 1252 γινόμεναι

237 1268 562 1320 περικατάληπτοι
605 1272 714 1316 θεοῖς
757 1268 931 1318 εὔχονται
972 1267 1267 1321 ἀπορνεωθῆναι
1310 1268 1373 1307 καὶ
1409 1269 1559 1321 Πρόκνη
1601 1269 1671 1318 μὲν

235 1338 380 1388 γίνεται
398 1334 535 1390 ἀηδών,
565 1336 765 1390 Φιλομήλα
783 1336 826 1376 δὲ
843 1335 1034 1390 χελιδών).
1071 1335 1165 1376 Huc
1186 1338 1364 1388 spectant
1380 1335 1501 1377 verba
1517 1339 1670 1388 poetae,

237 1417 339 1455 quae
364 1404 505 1444 mirum
532 1408 722 1454 quantum
745 1405 915 1445 virorum
940 1406 1145 1445 doctorum
1170 1404 1321 1443 animos
1348 1417 1475 1455 usque
1497 1404 1550 1444 ad
1568 1404 1671 1445 Silli-

237 1473 346 1524 gium
372 1476 620 1513 vexaverunt.
675 1471 755 1523 Qui
788 1486 878 1513 cum
912 1472 953 1512 in
986 1472 1135 1513 tradita
1166 1471 1362 1524 scriptura
1394 1473 1425 1511 it
1455 1472 1499 1511 in
1530 1471 1671 1524 edytyn

238 1540 349 1591 Ityos
374 1554 513 1580 nomen
540 1541 601 1581 bis
629 1541 774 1581 elatum
797 1541 920 1581 latere
938 1541 1204 1590 intellexisset,
1229 1553 1382 1579 versum
1404 1540 1461 1579 ita
1484 1540 1670 1589 restituit,

237 1612 282 1647 ut
309 1608 490 1649 omnibus
516 1608 768 1660 persuaderet
795 1622 876 1660 nec,
903 1611 1096 1659 quantum
1120 1607 1246 1657 video,
1278 1620 1412 1647 eorum
1439 1608 1508 1658 qui
1533 1611 1671 1658 postea

237 1688 393 1714 carmen
433 1676 640 1715 ediderunt
678 1676 888 1726 quisquam
932 1677 981 1716 de
1026 1676 1102 1715 hac
1144 1675 1416 1715 emendatione
1460 1675 1669 1715 recederet.

238 1742 452 1794 Proposuit
476 1743 579 1782 enim
603 1733 724 1783 talem
750 1744 958 1783 verborum
985 1743 1331 1784 conformationem

393 1823 562 1861 quarum
584 1824 661 1850 vox
683 1812 775 1862 Ityn
800 1811 882 1851 edit
908 1811 1027 1862 Ityn'.
1043 1842 1053 1851 .
1071 1841 1080 1851 .
1097 1841 1106 1850 .

238 1878 460 1930 optimeque
499 1878 552 1919 ad
589 1877 791 1931 Sophoclis
831 1882 1036 1921 venustam
1081 1878 1340 1921 elocutionem
1379 1877 1591 1931 applicavit
1629 1877 1669 1917 in

236 1946 383 1987 Electr.
411 1961 447 1987 v.
476 1950 550 1988 148

395 2013 480 2054 ἀλλ’
507 2015 579 2067 ἐμέ
599 2018 635 2069 γ’
664 2014 692 2056 ἆ
718 2015 902 2056 στονόεω*
929 2014 1069 2069 ἄραρεν
1095 2014 1246 2068 φρέναςὶ

393 2081 422 2123 ἅ
440 2083 534 2124 Ἴνυν
560 2085 642 2125 αἰὲν
662 2084 760 2125 Ἴτυν
785 2083 1019 2137 ὀλοφύρεται

392 2150 495 2204 ὄρνις
518 2150 727 2203 ἀτυζομένα
754 2151 852 2199 Διός
875 2150 1037 2202 ἅγγελος

237 2232 368 2270 quam,
382 2221 454 2261 etsi
467 2222 775 2262 emendationem
789 2223 895 2261 recte
908 2223 1014 2260 stare
1027 2232 1097 2271 per
1110 2232 1152 2259 se
1165 2232 1243 2259 non
1257 2217 1523 2270 comprobant,
1537 2221 1668 2259 tamen

238 2287 381 2327 clarius
393 2289 591 2329 illustrare
606 2292 646 2329 et
664 2289 711 2339 ei,
731 2288 876 2340 quippe
894 2300 997 2338 quae
1010 2287 1116 2327 ultro
1130 2299 1254 2338 paene
1269 2299 1311 2326 se
1326 2286 1478 2336 offerat,
1492 2286 1669 2337 aliquan-

237 2359 322 2395 tum
339 2358 503 2398 subsidii
516 2371 656 2410 parare
675 2358 762 2409 quis
777 2360 836 2397 est
849 2356 918 2407 qui
930 2354 1073 2407 neget?
1092 2354 1349 2405 Addubitari‚
1364 2355 1513 2407 opinor,
1527 2352 1669 2405 Silligii

238 2426 460 2466 coniectura
482 2427 631 2476 nequit,
650 2426 719 2465 sed
738 2425 835 2475 quid
848 2423 1034 2465 Vossiani
1050 2423 1257 2463 lectionem
1276 2436 1393 2475 quare
1414 2435 1484 2462 vox
1510 2424 1670 2461 iteratur

237 2496 321 2535 itim
336 2507 420 2535 esse
433 2492 641 2535 iubemus?
664 2492 804 2534 Nonne
817 2490 1046 2533 correctoris
1060 2504 1181 2532 manu
1196 2490 1335 2532 effecta
1353 2503 1438 2532 esse
1450 2489 1605 2531 videtur
1617 2502 1668 2529 an

238 2564 443 2603 credamus
460 2566 618 2614 poetam
635 2563 694 2602 ita
712 2562 889 2602 locutum
903 2573 998 2610 esse,
1025 2563 1073 2599 ut
1088 2559 1247 2611 linguae
1273 2559 1419 2599 rationi
1443 2558 1665 2599 adversare-

238 2630 333 2671 tur?
360 2630 566 2672 Neminem
597 2630 701 2682 fugit
725 2630 800 2670 hoc
823 2628 946 2670 statui
976 2641 1055 2669 non
1078 2628 1216 2677 licere3
1254 2627 1431 2678 quamvis
1459 2626 1561 2667 enim
1588 2638 1668 2666 car-
