1988 2992
250 1059 377 1100 Culex
402 1045 579 1109 carmefl,
612 1060 722 1120 quod
748 1060 900 1100 codices
926 1060 1092 1110 Vergilii
1125 1059 1313 1099 iuvenalis
1339 1059 1425 1099 iudi
1449 1059 1573 1099 libeni

95 1180 98 1183 Ι
145 1127 315 1180 primum
340 1126 539 1178 exhibent,
565 1127 646 1167 iam
670 1127 738 1166 diu
756 1127 928 1167 virorum
951 1127 1156 1166 doctorum
1178 1128 1328 1167 animos
1347 1139 1424 1166 non
1446 1126 1573 1165 solum

80 1192 83 1195 ’
146 1194 306 1248 propter
327 1194 553 1246 ambiguam
578 1196 777 1245 originem,
805 1196 875 1235 sed
900 1195 1019 1235 etiam
1046 1199 1207 1246 propter
1232 1195 1382 1235 codices
1407 1197 1573 1233 textum-

1 1258 3 1261 ’
44 1253 66 1275 ”
146 1275 224 1314 qne
248 1259 536 1302 restituendum
556 1275 789 1312 magnopere
814 1263 1024 1301 commovit
1049 1276 1121 1301 nec
1140 1276 1382 1302 commovere
1407 1262 1572 1302 desinet.

94 1339 96 1342 ⁴
145 1329 251 1369 Nam
278 1343 368 1369 cum
393 1344 419 1368 a
446 1330 580 1368 multis
606 1329 877 1380 veteribusque
899 1330 1064 1369 testibus
1100 1334 1145 1369 ut
1177 1331 1351 1379 Donato,
1379 1343 1497 1382 quem
1522 1330 1574 1368 ad

94 1439 100 1448 1
142 1397 377 1437 'Suetonium
401 1398 530 1436 redire
551 1397 798 1447 exploratum
825 1400 896 1445 est,
918 1398 959 1435 in
985 1399 1076 1435 vitis
1105 1401 1145 1435 et
1163 1398 1330 1447 Vergilii
1350 1401 1390 1436 et
1407 1397 1573 1445 Lucani,

78 1518 81 1519 ⁷
145 1464 279 1504 Servio
313 1466 354 1503 in
380 1464 663 1515 prolegomenis
690 1464 743 1502 ad
767 1463 960 1513 Aeneida,
997 1463 1125 1504 Statio
1156 1464 1198 1503 in
1223 1464 1345 1515 praef.
1371 1464 1455 1502 silv.
1483 1463 1507 1501 I
1534 1466 1575 1502 et

143 1532 184 1571 in
212 1533 296 1571 silv.
322 1532 480 1583 117173,
508 1531 683 1570 Martiali
707 1531 947 1583 VHI56119
980 1535 1019 1570 et
1042 1531 1154 1572 XIV
1165 1534 1262 1580 185,
1304 1532 1435 1570 Nonio
1469 1543 1500 1569 s.
1536 1544 1572 1569 v.

61 1595 64 1598 ’
147 1599 373 1649 „labrusca“
404 1599 529 1641 Culex
555 1599 754 1650 quoddam
775 1612 931 1639 carmen
957 1612 982 1639 a
1006 1599 1181 1650 Vergilio
1203 1599 1462 1650 compositum
1489 1611 1573 1638 esse

89 1717 94 1724 ·
144 1668 355 1707 memoriae
390 1667 589 1718 proditum
622 1667 693 1716 sit,
730 1667 772 1705 id
806 1667 952 1717 ipsum,
986 1668 1092 1718 quod
1128 1679 1199 1705 nos
1235 1667 1346 1706 libris
1380 1667 1572 1706 traditum

92 1756 94 1758 -
142 1732 345 1783 habemus,
373 1734 487 1774 multi
512 1734 746 1774 recentiores
775 1737 821 1773 ut
846 1732 1035 1784 Naekius,
1063 1732 1295 1783 Teuffelius,
1330 1733 1571 1774 Ribbeckius

142 1800 297 1859 Maroni
332 1803 592 1853 ascripserunt
625 1815 714 1851 nec,
761 1802 939 1851 quamvis
978 1815 1115 1852 graves
1159 1802 1396 1852 suspiciones
1441 1805 1571 1840 motae

65 1855 67 1857 Ι
116 1919 119 1922 ἱ
142 1868 232 1919 sint,
252 1869 302 1909 de
322 1870 396 1910 hac
414 1871 561 1920 origine
578 1870 879 1918 dubitaverunt,
892 1869 960 1908 sed
980 1868 1155 1919 plerique
1178 1883 1202 1908 a
1220 1869 1436 1908 clarissimo
1454 1871 1572 1919 poeta

142 1936 462 1977 abiudicaverunt
486 1939 713 1988 incertoque
739 1937 896 1976 cuidam
927 1936 1190 1977 obtruserunt.
1244 1937 1302 1975 Et
1328 1948 1572 1987 quamquam

8 2003 20 2063 J
60 2014 64 2018 ·
120 2002 242 2050 ,hanc
265 2005 530 2054 quaestionem
555 2004 670 2055 plane
689 2003 746 2043 ita
763 2004 974 2053 absolvere,
1001 2007 1048 2043 ut
1073 2004 1252 2044 omnibus
1274 2003 1570 2054 persuadeatur,

72 2089 76 2091 -
101 2091 104 2095 <
141 2069 299 2112 difficile
324 2075 395 2122 est,
426 2075 560 2112 tamen
592 2071 645 2121 id,
681 2070 788 2121 quod
822 2070 1142 2111 verisimillimum
1176 2083 1261 2111 esse
1291 2073 1401 2121 puto,
1436 2070 1571 2121 paucis

132 2151 356 2191 proponere
380 2139 420 2179 in
444 2139 574 2179 animo
601 2139 746 2179 habeo:
776 2138 903 2179 Culex
927 2152 1096 2189 carmen,
1124 2141 1170 2178 ut
1195 2142 1345 2179 veteres
1362 2142 1570 2189 testantur,

140 2219 166 2245 a
191 2202 369 2258 Vergilio
396 2208 597 2246 conditum
631 2210 706 2256 est,
742 2207 811 2246 sed
843 2207 894 2246 ad
929 2220 1000 2246 nos
1035 2206 1228 2246 nescimus
1258 2220 1337 2257 quo
1373 2220 1468 2247 casu
1493 2219 1571 2246 non

139 2275 314 2324 pervenit
340 2278 381 2314 et
406 2274 469 2324 id,
505 2275 612 2324 quod
639 2288 741 2314 nunc
766 2274 807 2313 in
833 2274 945 2314 libris
972 2278 1113 2324 exstat,
1153 2278 1292 2325 poetae
1325 2274 1571 2325 suppositum

140 2341 223 2387 eius
249 2343 405 2381 nomine
436 2344 630 2382 immerito
657 2343 935 2382 circumfertur.
989 2343 1093 2382 Utut
1119 2347 1252 2381 autem
1278 2356 1340 2381 res
1368 2356 1410 2382 se
1435 2343 1570 2391 habet,

139 2420 296 2450 carmen
321 2410 438 2450 etiam
464 2410 590 2450 altera
615 2410 685 2449 illa
708 2410 758 2449 de
783 2419 903 2450 causa
929 2422 1006 2449 non
1033 2398 1162 2449 minus
1188 2411 1351 2462 dignum
1378 2414 1437 2449 est
1459 2411 1570 2462 quod

138 2480 412 2529 pertractetur,
438 2490 528 2517 cum
552 2478 660 2518 haud
684 2478 806 2529 probe
830 2478 1020 2518 traditum
1047 2479 1097 2518 sit
1124 2478 1382 2530 plurimisque
1406 2478 1448 2517 in
1474 2477 1570 2517 locis

39 2582 45 2586 ,
94 2594 96 2596 v
138 2544 315 2586 studium
353 2549 394 2587 et
421 2559 586 2588 acumen
627 2547 708 2588 sive
743 2546 966 2599 interpretis
1003 2546 1084 2586 sive
1117 2546 1377 2587 emendatoris
1405 2545 1570 2598 flagitet.

80 2639 93 2665 χ
137 2611 297 2654 Etenim
321 2627 508 2665 magnum
544 2628 643 2666 opus
669 2619 730 2656 est
754 2618 874 2666 atque
899 2615 1068 2655 arduum
1103 2615 1222 2656 verba
1257 2615 1407 2655 tradita
1445 2615 1571 2666 specie

90 2679 94 2681 ’
1365 2678 1383 2710 1
