1988 2992
932 217 1195 254 -32—

347 333 372 360 a
387 319 586 359 codicibus
601 319 824 360 recederent
838 332 958 370 quam
975 322 1021 359 ut
1038 320 1283 360 coniecturas
1302 319 1579 370 probabilitate
1595 332 1785 359 commen-

347 389 473 428 daret.
532 388 597 428 Sic
620 388 794 428 Bembus

505 470 706 519 agrestum
733 466 837 507 bona
866 479 963 506 cura
988 467 1099 518 sequi
1126 467 1177 507 sit
1203 479 1299 507 cura
1324 466 1490 506 tenentis

624 535 814 574 Heinsius

879 632 888 641 .
911 631 919 640 .
939 632 948 642 .
968 632 977 641 .
1007 602 1058 642 ad
1087 603 1207 653 quam
1232 603 1363 642 votiva
1389 602 1555 642 recurrit

503 674 702 721 agrestum
726 670 831 710 bona
856 670 987 720 turba,
1016 671 1126 720 sequi
1153 671 1204 710 sit
1230 683 1326 709 cura
1350 673 1554 710 canentem

621 737 863 778 Ribbeckius

635 838 645 846 .
666 837 675 846 .
698 838 706 846 .
727 807 779 846 ad
803 820 924 857 quam
948 806 1054 845 bona
1079 806 1198 846 turba
1224 807 1390 845 recurrit

503 879 702 925 agrestum
730 887 869 914 secura
895 874 970 914 sibi
996 887 1069 913 sua
1096 887 1192 914 rura
1212 878 1388 914 tenentes

620 942 825 994 Hauptius

828 1041 837 1050 .
859 1040 867 1049 .
893 1039 902 1048 .
924 1010 975 1049 ad
1002 1023 1122 1060 quam
1145 1011 1276 1050 votiva
1302 1012 1468 1050 recurrit

504 1081 702 1127 agrestum
729 1078 833 1117 bona
859 1090 952 1128 gens
980 1090 1114 1117 secure
1142 1091 1236 1117 rura
1261 1082 1464 1118 tenentum

620 1145 885 1186 Baehrensius

589 1242 597 1251 .
619 1242 628 1251 .
650 1243 659 1252 .
680 1214 732 1252 ad
759 1227 880 1264 quam
906 1213 1011 1252 bona
1037 1214 1156 1253 turba
1183 1215 1350 1253 recurrit

503 1284 703 1330 agrestum
727 1282 808 1320 voti
835 1294 983 1332 secura,
1012 1285 1123 1320 tuere
1144 1285 1350 1321 tenentem.

450 1383 500 1422 In
527 1384 602 1423 hac
629 1386 809 1435 congerie
833 1386 1093 1425 remediorum
1127 1389 1173 1424 ut
1200 1399 1351 1436 semper
1387 1387 1442 1426 sic
1467 1386 1541 1425 hoc
1566 1386 1652 1425 loco
1688 1386 1784 1436 opti-

343 1464 451 1489 mum
480 1452 555 1490 erit
592 1465 617 1490 a
651 1454 844 1492 sententia
879 1453 1083 1503 proficisci.
1137 1453 1265 1492 Poeta
1289 1453 1451 1493 Phoebo
1488 1458 1526 1493 et
1560 1454 1782 1494 Naiadibus

342 1520 489 1558 vocatis
525 1519 709 1570 implorat
742 1520 932 1560 auxilium
967 1521 1098 1570 Palis,
1136 1521 1233 1560 deae
1272 1522 1503 1572 agrestium,
1543 1523 1606 1562 cui
1643 1522 1783 1562 descri-

342 1588 494 1626 bendae
517 1588 734 1638 depravata
760 1589 830 1627 illa
855 1589 977 1628 verba
1002 1590 1228 1628 inserviunt.
1273 1589 1424 1640 Incipio
1449 1591 1500 1630 ab
1517 1591 1579 1631 his
1599 1592 1650 1630 ad
1667 1604 1783 1643 quam

341 1659 499 1694 ventura
524 1657 687 1694 recurrit
719 1661 909 1708 aqrestum
936 1657 1033 1695 bona
1058 1670 1189 1695 secura
1216 1656 1301 1707 BG,
1324 1658 1457 1709 fetura
1483 1659 1542 1701 V:
1572 1672 1703 1698 secura
1731 1659 1782 1698 ad

343 1735 500 1761 sensum
528 1723 624 1761 nihil
652 1725 822 1774 expedit,
854 1726 987 1775 fetura
1011 1737 1103 1764 vero
1130 1725 1228 1764 bene
1255 1738 1297 1763 se
1325 1726 1563 1776 accomodat,
1596 1731 1641 1766 ut
1671 1728 1782 1766 mire-

342 1804 430 1830 mur
455 1791 557 1831 hanc
582 1804 717 1832 vocem
743 1805 875 1832 omnes
903 1796 942 1832 et
969 1805 1053 1843 eos,
1087 1793 1156 1843 qui
1179 1793 1421 1835 Vossianum
1446 1794 1712 1845 neglexerunt,
1741 1798 1781 1834 et

342 1872 427 1910 eos,
471 1860 540 1910 qui
580 1861 712 1911 magni
754 1862 1077 1912 aestimaverunt,
1118 1874 1196 1901 non
1236 1862 1472 1913 respexisse,
1518 1875 1611 1902 nam
1649 1863 1782 1914 fetura

343 1932 533 1978 aqrestum
566 1928 617 1967 ad
653 1928 793 1967 Palem
825 1942 1025 1968 recurrere
1059 1933 1164 1968 recte
1198 1929 1341 1968 dicitur
1377 1930 1444 1982 (cf.
1475 1930 1549 1970 Ov.
1577 1931 1689 1969 Fast.
1717 1930 1782 1972 IV

347 1995 585 2048 747—774),
614 2009 695 2046 qua
721 1996 770 2036 dc
798 2010 927 2047 causa,
954 1998 987 2036 si
1013 1997 1252 2047 quaerimus,
1281 1999 1486 2048 sequentia
1511 1998 1632 2038 verba
1655 2002 1780 2038 osten-

343 2064 442 2102 dunt
468 2066 517 2101 sit
552 2076 646 2102 cura
680 2068 838 2103 tenentes
865 2065 939 2114 vel,
976 2068 1022 2104 ut
1049 2065 1383 2115 cantabrigiensis
1409 2066 1585 2115 exhibet,
1614 2068 1780 2115 tenentis,

342 2142 445 2179 quae
482 2133 527 2169 ut
561 2130 612 2169 ad
641 2131 913 2171 antecedentia
941 2135 1215 2182 annectantur,
1252 2131 1363 2171 nulla
1390 2133 1657 2171 coniunctione
1683 2144 1781 2182 opus

345 2202 414 2247 est,
442 2202 488 2237 ut
511 2200 747 2248 accipiamus
773 2200 875 2239 hanc
899 2201 1134 2250 scripturam

809 2277 860 2316 ad
888 2290 1009 2328 quam
1034 2282 1200 2318 ventura
1224 2278 1401 2328 recurrit,

498 2348 698 2396 agrestum
723 2345 838 2396 bona,
866 2347 1007 2397 fetura,
1034 2348 1085 2387 sit
1113 2360 1209 2386 cura
1235 2348 1402 2387 tenentis

499 2414 625 2453 aerios
651 2425 854 2452 nemorum
879 2414 1002 2454 saltus
1031 2415 1228 2465 silvasque
1254 2415 1413 2455 virentis

339 2492 458 2529 saltus
502 2492 713 2531 deteriores
754 2492 864 2541 libri,
915 2494 1038 2531 cultus
1075 2481 1195 2532 ceteri
1243 2506 1388 2532 omnes.
1457 2491 1574 2541 Quod
1610 2492 1662 2531 ad
1698 2504 1780 2530 ver-

341 2557 437 2597 bum
472 2562 630 2598 ventura
667 2559 853 2610 pertinet,
895 2559 992 2599 nihil
1035 2564 1094 2600 est
1129 2560 1235 2611 quod
1277 2560 1480 2611 culpetur,
1525 2563 1683 2600 ventura
1720 2562 1780 2599 est

340 2626 496 2666 futura:
544 2632 662 2667 notus
699 2631 759 2667 est
803 2628 868 2667 hic
911 2642 1007 2668 usus
1021 2659 1032 2678 ,
1077 2629 1128 2668 ad
1170 2642 1288 2679 quem
1327 2629 1563 2668 firmandum
1606 2629 1780 2679 suppetit
