1988 2992
317 538 798 603 SENTENTIAE
835 540 1459 604 GONTROVERSAE.
1519 544 1522 548 ’

239 739 276 777 1.
305 736 408 778 Giris
434 752 490 778 vs.
518 742 541 779 5
568 745 602 779 et
627 753 729 779 mem
753 741 852 793 (tum
877 740 1031 791 eaAR,
1074 746 1157 780 tum
1182 740 1341 791 meaH,
1369 746 1412 780 tu
1437 754 1521 781 mea
1545 740 1602 793 L)

302 806 549 846 scribendum
575 811 646 847 est.

238 875 275 912 2.
300 873 421 924 Verg.
448 878 523 913 eat.
551 875 622 915 IX
647 889 703 915 vs.
728 879 748 914 1
777 876 1016 915 deteriorum
1040 876 1218 915 codicum
1240 876 1447 915 lectionem
1465 877 1499 915 si
1521 876 1604 916 lim

302 954 373 991 pro
398 942 533 980 scilicet
559 955 711 992 sequor.

239 1010 275 1048 3.
302 1008 396 1048 ibid.
436 1012 512 1048 cat.
542 1009 613 1048 XI
643 1023 699 1049 vs.
736 1013 787 1049 50
819 1010 986 1050 editores
1023 1010 1168 1049 iniuria
1207 1022 1278 1060 pro
1314 1011 1524 1049 meminisse
1560 1011 1602 1050 in

300 1079 452 1116 textum
479 1078 740 1117 oonieetmam
764 1079 933 1117 metuisse
957 1081 1199 1129 reoepenmt.

162 1183 164 1185 .
236 1146 275 1185 4.
302 1145 397 1185 ibid.
425 1150 500 1185 cat.
527 1145 647 1185 XIII
672 1158 728 1184 vs,
756 1148 779 1184 2
812 1158 892 1185 non
917 1149 988 1195 est,
1024 1158 1094 1185 cur
1128 1157 1217 1184 cum
1242 1144 1484 1185 Baehrensio
1515 1144 1604 1184 inde

301 1212 429 1261 (codd.
453 1214 523 1262 ire)
550 1213 741 1264 legamus.

237 1283 274 1320 5.
301 1281 468 1331 Antiph.
493 1284 583 1320 tetr.
617 1282 641 1320 I
667 1296 691 1332 y
713 1284 736 1331 ς
762 1284 786 1321 3
812 1279 1069 1321 verborum‘'
1044 1296 1069 1333 η
1100 1296 1149 1320 τε
1175 1279 1350 1321 ἀδικία
1378 1280 1518 1320 {narr
1551 1275 1603 1333 ἧν

300 1352 489 1389 παῦσαι
513 1353 598 1402 τῆς
620 1351 911 1400 προθυμίας
941 1349 1133 1388 sententia
1166 1346 1256 1426 odx
1281 1347 1477 1399 particula
1510 1351 1603 1390 ante

302 1416 441 1468 ἱκανή
466 1418 611 1456 inserta
636 1421 741 1456 recte
770 1430 812 1456 se
834 1417 966 1456 habet.

237 1483 396 1523 (Libid.
423 1486 514 1522 tetr.
540 1483 588 1522 H
612 1486 641 1534 β
663 1486 686 1534 ἓ
705 1486 729 1522 2
754 1483 889 1534 δέομαι
914 1481 1035 1534 ὑμῶν,
1064 1482 1119 1535 μὴ
1146 1482 1228 1522 διά
1256 1483 1342 1529 τὰς
1367 1495 1603 1535 προειρη-

301 1554 453 1601 μένας
477 1551 631 1599 τύχας
652 1550 1058 1602 αποδεξαμένους
1080 1564 1155 1601 μου
1181 1550 1249 1602 τήν
1271 1549 1485 1601 ἀπολογίαν
1510 1548 1603 1602 δόξῃ

301 1618 364 1657 καὶ
405 1619 460 1669 μή
497 1616 664 1671 ἀληθείᾳ
700 1618 768 1671 τήν
808 1622 927 1670 κρίσιν
966 1618 1203 1671 ποιήσασθαι
1244 1617 1363 1657 verba
1401 1630 1479 1657 non
1521 1629 1605 1657 mu-

301 1685 423 1726 tanda
450 1689 551 1725 sunt.
752 1735 754 1737 Ι

240 1755 276 1794 7.
302 1753 423 1793 Thuc.
449 1752 522 1793 III
548 1753 633 1805 68s1
658 1755 755 1793 κατ’
783 1754 976 1800 ἐκείνας
1002 1753 1132 1805 (codd.
1160 1754 1266 1791 κατ’
1298 1750 1482 1805 ἐκεῖνα)
1504 1756 1544 1792 et

239 1824 278 1862 8.
304 1821 398 1861 ibid.
436 1820 548 1862 VHI
581 1823 668 1872 4811
709 1819 885 1873 οἷσπερ
918 1821 999 1860 καὶ
1035 1821 1472 1871 ταλαιπωροῦνται
1508 1819 1601 1870 μά-

304 1890 447 1928 λιστα
474 1888 601 1937 (oodd.
623 1888 793 1941 οἵπερ,
819 1888 1002 1939 Krueger
1026 1885 1176 1939 ὥσπερ)
1203 1900 1389 1938 propono.

240 1958 276 1997 9.
303 1955 412 1995 Xon.
434 1955 542 1995 Hell.
571 1955 595 1994 I
619 1970 652 1996 ο.
676 1960 699 1996 5
727 1956 821 1996 anni
845 1957 922 1994 407
949 1956 1190 2000 notationem
1221 1954 1408 1994 excidisse
1435 1955 1468 1994 si
1493 1954 1602 2004 poni-

304 2035 402 2072 mus,
429 2023 524 2062 ordo
547 2026 766 2074 temporum
790 2022 973 2062 facillime
997 2013 1238 2072 intelligitur.
