1988 2992
970 238 1233 277 ..16-

381 337 513 378 Huius
548 352 640 380 vero
674 339 962 392 explanationis
997 354 1134 382 ansam
1179 341 1369 394 praebent
1413 341 1533 382 verba
1574 342 1641 395 qui
1681 355 1818 383 saxum

381 414 504 448 monte
525 409 678 448 adverso
702 411 863 461 revolvit,
893 414 939 449 ut
965 424 1014 450 ex
1039 412 1088 450 iis
1113 415 1303 462 tanquam
1328 411 1580 452 fundamento
1607 412 1660 451 ad
1686 415 1818 452 cetera

380 476 712 525 progrediendum
733 478 797 515 sit.
819 518 828 536 Ι
851 477 883 516 J
883 490 948 516 am
973 479 1177 528 sequentia
1202 478 1445 529 respicienda
1470 481 1561 517 sunt

538 545 813 595 contempsisse
830 545 943 585 dolor
957 559 1073 596 quem
1086 547 1246 585 numina
1258 546 1380 585 vincit
1394 546 1715 586 acerbas-acerba
1727 546 1816 585 0—

381 625 496 662 quae,
525 614 559 651 si
584 612 660 651 levi
685 614 903 653 mutatione
930 614 1081 652 acerbas
1106 614 1146 652 in
1174 614 1327 653 acerbus
1353 614 1602 665 correximus,
1627 616 1817 665 optimum

381 680 556 720 efficiunt
580 694 739 720 sensum
766 694 837 721 nec
864 682 991 722 minus
1018 685 1110 734 apte
1138 682 1189 722 ad
1224 683 1493 723 antecedentia
1529 696 1570 722 se
1604 683 1815 735 applicant.

380 747 488 787 Nam
516 762 592 787 vox
618 749 800 788 vincendi
827 762 944 800 saepe
971 750 1091 789 habet
1117 751 1196 789 vim
1222 751 1436 800 evincendi,
1468 751 1653 800 docendi3
1689 751 1816 790 multa

381 815 560 867 exempla
580 820 738 867 praesto
757 820 860 867 sunt,
884 818 1029 869 quibus
1046 818 1111 857 hic
1128 831 1223 858 usus
1246 820 1537 871 comprobatur,
1556 818 1678 858 affero
1696 818 1814 857 haec:

381 883 463 922 Oic.
503 898 574 933 pro
603 884 787 924 Cluentio
822 889 888 924 23:
926 900 1048 931 unum
1078 887 1236 935 quidem
1263 891 1369 927 certe
1395 900 1508 926 nemo
1537 888 1611 926 erit
1637 890 1720 926 tam
1745 886 1816 925 ini-

380 951 505 991 micus
533 951 716 992 Cluentio
750 953 820 1003 qui
854 953 952 992 mihi
977 966 1057 992 non
1084 954 1294 1005 concedat,
1327 954 1360 992 si
1398 956 1549 993 constet
1585 956 1815 1005 corruptum

377 1020 476 1059 illud
505 1034 588 1060 esse
616 1021 816 1070 iudicium,
851 1026 922 1061 aut
948 1023 1000 1061 ab
1027 1022 1179 1061 Habito
1206 1027 1276 1062 aut
1302 1022 1353 1061 ab
1381 1022 1599 1072 Oppianico
1625 1034 1708 1062 esse
1735 1035 1816 1061 cor-

378 1092 550 1139 ruptum,
587 1089 621 1128 si
647 1089 767 1129 doceo
793 1103 869 1129 non
898 1090 949 1129 ab
975 1089 1149 1140 Habito,
1187 1092 1290 1129 vinco
1317 1090 1368 1129 ab
1397 1089 1615 1140 Oppianico
1644 1119 1813 1128 .....

378 1158 525 1196 ibidem
535 1173 591 1208 44:
620 1160 722 1196 vince
746 1159 887 1197 deinde
918 1159 1065 1197 bonum
1091 1160 1217 1197 virum
1244 1159 1364 1197 fuisse
1393 1158 1655 1208 Oppianicum

378 1224 482 1263 Hor.
511 1229 584 1264 sat.
608 1224 632 1262 I
660 1226 775 1277 3s115

535 1306 606 1332 nec
634 1295 751 1332 vincet
777 1294 879 1332 ratio
908 1294 996 1343 hoe,
1023 1295 1256 1333 tantundem
1283 1297 1328 1333 ut
1355 1296 1489 1344 peccet
1514 1292 1696 1342 idemque

535 1362 605 1412 qui
636 1391 799 1400 .....

376 1430 482 1469 idem
508 1434 582 1469 sat.
610 1430 659 1468 II
686 1430 800 1479 3l225

533 1499 651 1537 vincet
676 1497 779 1537 enim
807 1497 950 1536 stultos
976 1497 1092 1551 ratio!
1107 1496 1277 1535 insanire
1304 1499 1477 1547 nepotes.

480 1567 624 1616 Itaque
651 1566 685 1605 si
708 1565 887 1604 vincendi
911 1578 1045 1604 vocem
1069 1566 1108 1604 in
1131 1565 1232 1604 hanc
1257 1564 1335 1603 vim
1362 1563 1594 1614 accipimus,
1626 1561 1745 1601 verba
1771 1561 1813 1600 id

376 1634 617 1684 significant:
644 1634 713 1683 qui
737 1637 869 1672 monte
896 1633 1061 1672 adverso
1090 1646 1228 1671 saxum
1252 1632 1428 1679 revolvit,
1455 1644 1544 1669 eum
1572 1629 1724 1681 (quem)
1750 1629 1814 1689 de-

378 1716 489 1741 orum
525 1702 686 1740 numina
721 1701 1004 1750 contempsisse
1040 1700 1154 1739 dolor
1183 1700 1350 1739 acerbus
1383 1699 1502 1738 vincit
1537 1699 1562 1737 i.
1592 1710 1626 1736 e.
1661 1695 1813 1744 evincit,

377 1771 491 1809 docet
518 1783 571 1809 sc.
597 1783 672 1819 eos,
701 1770 769 1820 qui
787 1769 1032 1808 laborantem
1054 1768 1260 1818 aspiciunt.
1313 1766 1460 1806 Adhuc
1482 1764 1675 1805 sententia
1697 1763 1814 1814 plena

377 1842 418 1876 et
447 1838 631 1877 absoluta
666 1850 749 1876 esse
784 1837 949 1886 videtur,
991 1840 1116 1874 restat
1151 1836 1317 1875 alterum
1353 1834 1452 1873 illud
1490 1835 1556 1884 qui
1590 1832 1809 1880 relativum,

377 1906 482 1955 quod
508 1906 587 1944 iam
617 1905 794 1955 Scaliger
819 1904 1021 1955 praeclaro
1048 1903 1221 1942 remedio
1246 1902 1410 1950 sanavit,
1436 1914 1524 1940 cum
1549 1913 1619 1950 pro
1639 1900 1705 1950 qui
1723 1899 1813 1937 scri-

376 1973 488 2012 beret
523 1973 628 2024 quid.
696 1971 814 2024 Quod
853 1972 886 2011 si
925 1972 966 2010 in
999 1984 1113 2010 usum
1149 1973 1327 2008 nostrum
1361 1968 1659 2015 contulerimus,
1697 1965 1814 2004 habe-

377 2040 505 2080 bimus
539 2041 641 2080 hanc
672 2040 866 2080 enuntiati
895 2039 1242 2079 conformationem
1704 2037 1709 2041 “

530 2108 655 2159 quid?
683 2122 821 2148 saxum
849 2108 984 2158 procul
1010 2108 1175 2146 adverso
1202 2107 1270 2156 qui
1296 2108 1428 2144 monte
1454 2102 1630 2151 revolvit,

532 2177 812 2226 contempsisse
843 2175 958 2214 dolor
981 2188 1098 2224 quem
1121 2175 1281 2214 numina
1308 2173 1427 2212 vincit
1454 2168 1649 2210 acerbus?

374 2244 525 2294 Figura
573 2243 690 2293 quid?
732 2244 831 2294 quod
860 2273 869 2282 .
899 2273 908 2281 .
938 2273 947 2281 .
977 2273 986 2281 .
1035 2242 1096 2281 vel
1139 2246 1184 2281 ut
1228 2242 1302 2279 hoc
1342 2241 1428 2279 loco
1475 2238 1587 2289 quid,
1633 2237 1700 2286 qui
1726 2264 1735 2273 .
1765 2267 1774 2276 .
1802 2263 1812 2272 .

375 2323 530 2361 semper
575 2314 633 2349 est
671 2312 823 2361 signum
870 2310 1148 2361 progrediendi
1189 2309 1411 2359 optimeque
1450 2304 1651 2354 Hauptius
1667 2303 1696 2351 ¹)
1742 2314 1812 2340 nos

375 2392 453 2417 non
487 2379 650 2426 habere,
687 2391 756 2417 cur
790 2379 831 2416 in
863 2379 938 2417 hac
974 2378 1192 2416 elocutione
1224 2376 1469 2423 haereamus,
1506 2372 1611 2411 dicit.
1674 2370 1813 2419 Atque

375 2449 421 2485 ut
446 2445 559 2485 illum
586 2447 626 2484 in
663 2447 822 2485 modum
856 2446 974 2486 verba
1005 2444 1223 2484 exhibenda
1258 2456 1343 2483 esse
1372 2441 1581 2489 contendo,
1619 2440 1674 2477 sic
1698 2450 1814 2487 quae-

374 2515 487 2564 ritur,
520 2515 616 2565 quid
646 2514 763 2564 pretii
798 2527 845 2553 ac
878 2514 1034 2553 virtutis
1070 2514 1150 2551 sive
1187 2511 1370 2550 Bembini
1407 2514 1446 2550 et
1480 2505 1812 2556 cantabrigiensis

375 2583 455 2621 sive
483 2582 670 2623 Vossiani
695 2595 742 2620 ex
769 2581 990 2620 differentia
1016 2594 1151 2619 eorum
1177 2580 1396 2630 scripturae
1429 2578 1551 2619 statui
1582 2575 1711 2614 liceat.
1766 2572 1810 2612 Si

462 2675 488 2717 ¹)
511 2686 625 2717 opusc.
648 2675 709 2707 111
730 2686 763 2717 p.
786 2676 837 2707 71.
