1988 2992
759 207 1018 245 —45—

277 309 406 360 Nunc,
433 312 467 349 si
494 310 648 361 singula
673 310 916 361 respicimus,
944 310 985 349 id
1010 322 1081 360 pro
1109 313 1215 349 certo
1235 309 1380 349 habere
1398 321 1604 359 possumus

178 376 411 418 Vossianum
439 390 517 416 non
543 378 668 416 solum
693 378 734 416 in
762 378 919 427 Culice,
947 378 1016 416 sed
1041 378 1159 416 etiam
1185 379 1225 416 in
1253 376 1364 426 Copa
1389 380 1429 415 et
1454 376 1605 415 Moreto

174 457 198 483 a
226 445 364 484 ceteris
392 445 592 485 codicibus
617 445 785 486 multum
811 445 1032 496 discrepare
1060 448 1100 484 et
1123 444 1240 495 plane
1268 443 1519 494 comprobare
1546 457 1603 492 ea,

177 524 280 561 quae
308 512 357 551 de
384 512 467 552 eius
495 516 636 552 natura
662 513 910 563 protulimus.
955 513 1110 562 Restat,
1137 516 1183 551 ut
1210 512 1356 562 paucis,
1386 525 1486 561 quae
1504 513 1605 551 ratio

175 580 277 618 inter
313 580 483 630 singulos
512 581 727 620 intercedat
753 581 997 631 maximeque
1024 593 1103 630 quo
1132 580 1284 619 vinculo
1308 579 1374 619 ille
1402 593 1491 619 cum
1519 580 1604 619 reli-

163 646 263 696 ·quis
296 647 523 687 coniunctus
550 649 621 697 sit,
659 648 905 687 disseramus.
958 649 1100 687 Elucet
1126 652 1257 687 autem
1284 648 1346 686 vel
1372 661 1420 685 ex
1446 647 1606 685 minima

176 714 359 755 Bembini
409 719 448 754 et
486 715 818 767 Cantabrigiensis
861 715 1153 766 comparatione
1202 728 1266 754 eos
1307 728 1355 754 ex
1387 727 1464 753 uno
1498 714 1606 753 fonte

175 783 353 832 fluxisse,
396 796 484 822 cum
518 796 667 834 semper
706 784 785 823 fere
812 784 951 823 iisdem
977 788 1017 822 et
1043 784 1152 822 bonis
1185 787 1225 822 et
1247 783 1359 822 malis
1395 783 1607 822 abundent.

174 850 315 901 Neque
353 851 393 890 id
421 852 555 902 negari
581 855 710 902 potest
740 855 889 891 ceteros
918 863 1050 890 omnes
1073 863 1120 889 ex
1142 850 1278 890 eodem
1303 850 1371 889 illo
1398 850 1608 901 archetypo

176 919 312 958 ductos
339 932 434 969 esse,
461 920 567 969 quod
587 933 675 959 cum
703 911 836 959 multis
863 923 903 959 et
930 919 1114 969 gravibus
1136 919 1288 958 mendis
1307 923 1392 958 tum
1418 932 1510 958 vero
1529 932 1607 959 una

176 987 317 1026 lacuna
344 1001 380 1026 v.
408 989 457 1025 26
469 1018 478 1037 ,
518 988 586 1027 ubi
624 991 795 1026 extrema
830 987 948 1026 verba
969 1000 1017 1026 ex
1043 987 1261 1036 insequenti
1287 999 1399 1025 versu
1426 987 1608 1037 suppleta

179 1058 291 1103 sunt,
335 1058 375 1093 et
406 1054 541 1093 ordine
580 1067 758 1093 versuum
791 1056 1009 1104 tranposito
1046 1058 1091 1093 ut
1123 1068 1157 1093 v.
1186 1057 1360 1103 29-35‚
1389 1057 1607 1104 145—149,

179 1124 396 1172 369—371,
426 1123 633 1161 381—383
666 1121 778 1161 facile
806 1123 1009 1161 statuitur.
1060 1121 1173 1160 Haec
1203 1122 1332 1160 omnia
1358 1122 1398 1160 in
1423 1126 1608 1171 promptu

178 1193 268 1228 sunt
312 1202 381 1229 nec
414 1190 676 1239 disputatione
713 1193 869 1239 carent,
914 1193 1048 1228 nostra
1084 1202 1172 1228 vero
1209 1189 1398 1239 imprimis
1434 1190 1606 1239 interest,

177 1260 310 1296 utrum
330 1257 546 1298 Vossianus
571 1257 782 1296 secundum
795 1256 1028 1297 Baehrensii
1050 1258 1284 1296 sententiam
1303 1257 1417 1296 alteri
1431 1257 1608 1296 codicum

178 1326 309 1375 generi
335 1326 361 1364 i.
389 1338 422 1364 e.
448 1325 673 1375 apographo
698 1325 848 1364 meliori
867 1338 914 1364 ex
931 1326 1145 1375 archetypo
1168 1325 1359 1375 descripto
1378 1325 1606 1364 tribuendus

178 1394 229 1432 sit
264 1406 393 1433 necne.
448 1392 577 1432 Multa
613 1394 648 1432 ei
680 1393 844 1443 obsunt,
885 1406 1010 1443 pauca
1045 1393 1230 1443 opitulari
1268 1393 1449 1432 videntur
1484 1406 1608 1443 eaque

177 1461 447 1500 tantummodo
474 1461 552 1499 illis
571 1461 788 1511 scripturis,
817 1475 918 1511 quae
936 1462 1204 1511 praestantiae
1223 1461 1392 1510 speciem
1410 1461 1608 1510 quandam

178 1528 336 1578 habent,
365 1529 626 1568 continentur.
676 1528 754 1569 Sed
782 1529 815 1567 si
840 1529 912 1569 has
931 1530 1036 1580 ipsas
1066 1532 1351 1579 computamus,
1379 1541 1499 1578 quam
1523 1542 1609 1579 par-

178 1597 291 1635 vulus
327 1610 512 1635 numerus
550 1610 599 1635 ex
633 1596 781 1646 ingenti
815 1597 1122 1636 differentiarum
1158 1596 1408 1635 multitudine
1435 1610 1608 1647 compro-

178 1663 313 1703 batur!
378 1663 532 1702 Revera
577 1676 644 1702 sex
691 1664 766 1703 loci
815 1664 930 1704 huius
973 1665 1124 1714 generis
1166 1668 1396 1715 supersunt,
1441 1676 1607 1713 quorum

179 1735 366 1780 quattuor
384 1744 419 1769 v.
449 1734 495 1769 21
517 1732 648 1774 fetura
675 1744 745 1780 pro
772 1744 903 1771 secura
928 1734 1001 1771 311
1029 1731 1104 1769 Ida
1130 1744 1202 1781 pro
1222 1732 1369 1783 Daque,
1399 1735 1475 1771 362
1495 1733 1607 1770 mori-

155 1811 163 1816 ·
178 1803 267 1837 tura
293 1798 433 1837 Metelli
467 1810 538 1847 pro
563 1809 670 1836 mora
697 1798 816 1847 melli,
854 1800 929 1838 399
951 1798 1180 1850 pudibunda
1206 1798 1380 1837 ruborem
1406 1811 1477 1848 pro
1505 1799 1606 1837 rubi-

178 1866 307 1905 bunda
331 1871 508 1905 terrorem
536 1865 603 1913 (B)
632 1888 678 1894 —
708 1866 922 1906 rubicunda
954 1879 1022 1918 per
1047 1868 1170 1906 orbem
1197 1865 1264 1915 (O)
1291 1866 1398 1906 haud
1423 1866 1541 1906 dubie
1567 1867 1607 1905 in

178 1936 330 1972 textum
355 1933 578 1983 recipiendi,
607 1933 826 1973 sed-omnes
852 1934 909 1973 ita
928 1934 1161 1973 conformati
1181 1937 1282 1983 sunt,
1310 1937 1355 1973 ut
1372 1947 1484 1973 nemo
1503 1938 1607 1974 certe

178 2002 226 2041 iis
263 1989 355 2040 solis
389 1989 606 2041 commotus
641 2002 763 2040 alium
801 2001 947 2041 fontem
979 2002 1195 2041 necessario
1228 2005 1368 2052 ponat,
1409 2016 1500 2042 nam
1534 2002 1606 2041 has

178 2070 360 2108 lectiones
388 2070 524 2108 doctus
548 2069 803 2119 interpolator
827 2070 935 2109 haud
957 2069 1115 2108 difficile
1136 2082 1205 2108 suo
1226 2070 1376 2119 ingenio
1400 2083 1605 2127 procreare

180 2139 353 2187 potuisse
382 2137 582 2187 putandus
611 2140 689 2187 est,
718 2138 949 2187 praesertim
977 2149 1086 2186 cum,
1113 2138 1292 2186 quotiens
1321 2137 1439 2176 verba
1465 2141 1606 2187 poetae

179 2205 449 2255 temptaverit,
491 2205 790 2244 meminerimus.
850 2204 966 2243 Duae
1004 2217 1094 2254 ergo
1131 2204 1412 2255 discrepantiae
1443 2208 1604 2255 restant,

179 2286 281 2323 quae
299 2272 465 2312 forsitan
485 2272 641 2323 cuipam
664 2272 898 2312 dubitationi
917 2273 1007 2323 sint,
1035 2272 1120 2311 dico
1139 2287 1174 2312 v.
1202 2274 1275 2312 148
1295 2277 1379 2313 acta
1397 2296 1449 2300 ——
1464 2277 1547 2312 orta
1566 2277 1605 2312 et

179 2342 347 2381 maxime
372 2354 407 2381 v.
428 2343 503 2380 332
529 2334 906 2381 ranolea-metuenda.
955 2339 1034 2380 Sed
1061 2343 1100 2379 et
1126 2342 1293 2391 priorem
1319 2345 1403 2380 acta
1427 2354 1505 2380 non
1522 2345 1604 2380 tam

180 2413 326 2449 certam
353 2422 448 2459 esse,
476 2412 521 2449 ut
545 2410 712 2460 genuina
740 2410 909 2450 ducatur
936 2411 1137 2459 oporteat,
1166 2409 1418 2459 eandemque,
1452 2409 1605 2449 etiamsi

179 2478 360 2516 immunis
386 2477 600 2527 habeatur,
639 2490 759 2528 quam
797 2477 971 2527 reliquas
1008 2476 1305 2527 explicationem
1340 2477 1527 2528 praebere
1565 2481 1604 2516 et

179 2546 344 2585 alteram
372 2546 536 2596 ranolea,
562 2547 673 2586 cuius
697 2546 804 2596 origo
831 2545 988 2585 minime
1014 2544 1257 2596 intelligitur,
1283 2558 1372 2584 cum
1398 2545 1438 2584 in
1461 2558 1602 2596 magno

179 2613 525 2665 interpolationum
564 2613 648 2653 sola
687 2613 854 2665 speciem
892 2613 1073 2664 propriae
1116 2613 1330 2664 scripturae
1364 2613 1510 2653 habeat
1534 2626 1604 2653 nec
