1988 2992
847 161 1081 198 —5-

250 266 398 304 ducunt
423 264 612 312 origines;
638 263 823 312 sequitur,
851 265 897 301 ut
915 245 968 290 ἕ-
986 262 1027 301 id
1048 262 1153 312 quod
1179 266 1312 301 nostra
1336 265 1503 302 maxime
1517 265 1676 302 interest

249 356 302 363 ——
329 331 541 371 Bembinus
574 333 613 369 et
641 329 972 380 cantabrigiensis
1006 330 1207 380 depravati
1240 334 1278 370 et
1311 331 1535 382 interpolati
1561 333 1671 370 sint.“

249 399 433 447 Stemma,
460 401 505 436 ut
528 397 707 446 addatur,
734 397 807 436 hoc
830 410 912 435 esse
936 400 1068 447 putat:

856 499 1067 541 archetypon

608 559 957 746 apograA
1041 705 1275 747 apographum
1297 704 1315 736 b

722 767 755 950 117-
975 911 1000 933 ae
1020 912 1083 943 per
1104 767 1216 934 varios
1238 900 1364 943 gradus

1013 1084 1167 1254 Rs
1175 1081 1329 1253 NG

348 1311 463 1363 Quod
508 1327 596 1354 cum
639 1315 697 1355 ita
744 1316 813 1364 sit,
859 1313 1120 1355 Baehrensius
1159 1315 1251 1354 viris
1286 1315 1408 1355 doctis
1447 1314 1672 1355 adversatus

242 1381 437 1431 duplicem
472 1383 655 1421 virtutem
686 1381 879 1423 Vossiano
913 1382 1070 1431 tribuit,
1108 1386 1147 1421 et
1187 1383 1292 1432 quod
1327 1382 1379 1421 ad
1405 1383 1671 1433 apographum

242 1448 463 1488 fidelissime
502 1462 550 1488 ex
585 1450 841 1489 vetustissimo
877 1450 1088 1500 exemplari
1113 1451 1389 1501 transcriptum
1422 1451 1597 1499 recurrit,
1633 1454 1672 1489 et

242 1516 347 1567 quod
373 1529 460 1556 cum
486 1521 665 1557 accurate
693 1530 893 1567 expressus
919 1519 969 1556 sit
994 1519 1202 1557 maximam
1228 1517 1346 1557 fidem
1371 1517 1542 1568 praebet,
1579 1520 1671 1568 quia

245 1615 263 1633 „
272 1584 306 1636 1)
315 1597 391 1624 non
427 1589 533 1624 caret
571 1585 728 1635 quidem
764 1585 867 1624 vitiis
906 1585 1054 1624 librarii
1095 1586 1299 1625 oscitantia
1332 1586 1561 1634 commissis,
1604 1585 1671 1624 sed

240 1652 337 1691 nihil
365 1652 428 1692 hic
455 1652 503 1692 dc
531 1665 599 1692 suo
625 1654 791 1692 mutavit
815 1653 1136 1703 interpolavitque
1151 1682 1160 1691 .
1178 1683 1186 1692 .
1203 1683 1211 1692 .
1229 1655 1262 1692 .“
1289 1665 1368 1703 qua
1393 1652 1443 1692 de
1461 1665 1578 1692 causa
1607 1654 1670 1701 „in

241 1719 376 1760 Culice
415 1720 473 1772 (et
508 1720 635 1772 Oopa)
671 1722 931 1771 praestantiae
965 1724 1047 1760 tam
1085 1721 1290 1771 singularis
1326 1733 1534 1771 omnesque
1574 1734 1670 1771 quos

240 1787 480 1837 possidemus
506 1788 655 1827 codices
682 1790 897 1838 superantis
921 1792 989 1837 est,
1017 1792 1062 1826 ut
1087 1788 1185 1827 haec
1212 1787 1396 1836 opuscula
1421 1800 1498 1826 non
1522 1789 1670 1838 possint

240 1868 318 1894 non
356 1859 510 1906 sumpta
552 1868 633 1895 esse
674 1869 722 1895 ex
764 1856 919 1905 egregio
963 1855 1134 1906 quodam
1176 1854 1485 1905 reverendaeque
1529 1856 1669 1895 aetatis

238 1922 339 1961 libro
355 1952 364 1961 .
381 1952 391 1961 .
408 1951 417 1961 .
434 1951 443 1961 .
484 1936 556 1974 ego
586 1924 643 1962 ita
676 1936 745 1974 per
777 1923 906 1961 omnia
938 1923 1084 1961 bonum
1118 1922 1349 1972 fidelemque
1384 1923 1488 1961 hunc
1526 1923 1669 1962 librum

240 1993 421 2042 cognovi,
456 1996 501 2031 ut
532 1992 573 2031 in
609 1991 842 2031 carminibus
869 1991 1100 2042 supradictis
1132 2004 1202 2042 pro
1230 1992 1412 2042 primario
1439 1992 1670 2031 recensionis

239 2059 492 2098 fundamento
517 2060 661 2098 habere
686 2072 764 2098 non
789 2059 1082 2097 dubitaverim.“

342 2126 431 2167 Iam
467 2139 557 2168 vero
592 2126 697 2179 quod
731 2127 946 2170 Vossianus
980 2127 1280 2167 vetustissimum
1310 2126 1507 2179 exemplar
1538 2126 1670 2167 multis

239 2195 333 2233 locis
355 2198 491 2245 utpote
513 2197 553 2234 in
579 2197 747 2234 carmine
774 2195 979 2245 diligenter
1002 2196 1177 2234 lectitato
1201 2196 1428 2234 mendosum
1448 2195 1669 2234 fidelissime

238 2261 379 2312 reddit,
410 2262 452 2302 id
476 2275 553 2313 quo
580 2263 664 2302 iure
691 2263 869 2302 statuerit
895 2264 1029 2314 paucis
1055 2264 1276 2302 examinare
1301 2262 1403 2312 licet,
1432 2274 1523 2301 nam
1548 2261 1600 2301 ad
1626 2262 1668 2302 id

238 2331 317 2368 iam
343 2330 486 2370 sufficit
511 2329 746 2371 Vossianum
769 2344 858 2371 cum
873 2330 1064 2371 Bembino
1085 2335 1124 2371 et
1143 2330 1456 2380 Cantabrigicnsi
1483 2330 1667 2381 conferre,

239 2397 344 2449 quod
369 2398 403 2437 si
434 2397 634 2439 fecerimus
661 2398 897 2439 inveniemus
929 2398 980 2438 ab
1012 2398 1079 2438 illo
1115 2411 1270 2438 carmen
1303 2398 1416 2438 valde
1446 2400 1669 2439 inaccurate

237 2465 426 2505 traditum
451 2478 544 2516 esse,
572 2467 756 2517 quoniam

323 2569 350 2612 ²)
372 2568 597 2603 Baehrensius
618 2570 641 2602 1.
663 2570 686 2603 l.
708 2581 741 2613 p.
763 2571 857 2603 8—9.
