1988 2992
877 209 1140 244 -22-

283 308 400 349 minis
418 309 871 360 auctorinonnunquam
892 311 1033 350 rudem
1053 313 1093 350 et
1109 309 1353 350 inconditam
1373 310 1584 351 dictionem
1605 310 1726 350 vindi-

285 390 375 417 care
393 390 472 416 non
491 377 729 428 dubitemus,
740 381 872 418 tamen
887 378 1028 418 falsam
1047 382 1086 418 et
1102 392 1192 419 cum
1206 379 1359 430 legibus
1383 379 1610 431 grammatis
1627 393 1725 430 pug-

285 447 446 484 nantem
456 445 544 497 (vox
551 447 714 484 iteratur
722 445 815 497 Ityn
828 459 899 496 pro
910 459 980 486 vox
992 448 1104 485 iterat
1115 446 1222 498 Ityn)
1238 461 1327 487 eum
1336 448 1376 487 in
1388 460 1429 487 se
1438 447 1641 487 admisisse
1650 461 1728 486 non

287 515 347 550 est
363 525 433 550 cur
448 524 661 551 sumamus,
676 512 805 552 Immo
816 526 934 564 quare
943 526 1013 551 voae
1021 514 1183 552 iteratur
1192 513 1284 564 Ityn
1296 514 1503 553 librarium
1514 513 1684 553 effecisse
1694 515 1727 552 si

287 579 617 629 contenderimus,
625 580 783 619 minime
793 594 912 621 avero
922 580 1192 621 aberrabimus
1202 582 1478 632 exemplisque,
1485 582 1729 632 quibusVos-

290 647 390 685 siani
407 646 526 685 fidem
543 647 782 687 labefactare
801 649 1036 697 studuimus,
1057 651 1194 698 aptum
1214 652 1254 687 et
1267 648 1511 688 luculentum
1525 650 1727 688 addemus.

393 713 520 753 Porro
548 713 792 754 subiciantur
818 729 873 756 vs.
905 718 1114 756 301—302

446 783 593 822 assidet
620 783 695 823 hac
721 785 872 824 iuvenis
901 786 1024 824 sociat
1051 784 1100 823 de
1123 784 1249 834 gloria
1276 785 1390 824 sortis

451 850 553 890 alter
576 851 616 890 in
644 852 839 892 excissum
865 853 1038 893 referens
1065 864 1089 891 a
1114 851 1280 891 navibus
1304 852 1404 903 ignis

448 919 648 967 Argolicis
675 919 871 969 Phrygios
897 924 1010 959 torva
1037 920 1196 959 feritate
1226 921 1402 970 repulsos

290 989 337 1026 ut
361 985 579 1025 Bembinus
607 989 647 1025 et
672 985 1010 1038 Oantabrigiensis
1037 988 1222 1037 tradunt,
1259 1000 1347 1027 cum
1374 987 1594 1030 Vossianus
1621 1000 1731 1038 prae-

292 1054 387 1093 beat
413 1053 517 1092 hunc
545 1053 584 1092 in
610 1053 771 1093 modum

448 1120 596 1161 assidet
621 1122 674 1162 ha
700 1122 850 1162 iuvenis
879 1123 1066 1163 societate
1093 1121 1218 1173 gloria
1245 1123 1363 1162 sortis

450 1188 549 1227 alter
575 1189 617 1226 in
644 1189 840 1228 excelsum
866 1189 1038 1229 referens
1065 1203 1090 1228 a
1117 1190 1282 1228 navibus
1306 1191 1415 1239 igens

451 1255 650 1306 Argolicis
675 1256 870 1308 Phrygios
896 1260 1009 1298 torva
1035 1257 1194 1297 feritate
1220 1257 1364 1297 refusa.

398 1323 475 1363 His
510 1323 686 1363 versibus
722 1324 909 1375 Aiacem,
951 1338 1069 1376 quem
1111 1325 1237 1365 Culex
1276 1325 1316 1363 in
1356 1324 1492 1375 Elysio
1533 1325 1733 1369 sedentem

294 1392 422 1442 videt,
460 1404 485 1431 a
519 1395 637 1443 poeta
670 1391 828 1443 depingi
854 1393 973 1433 verba
998 1393 1164 1444 referens
1196 1406 1220 1432 α
1255 1393 1410 1432 navibus
1436 1393 1537 1445 iqnis
1562 1405 1651 1432 cum
1678 1404 1733 1431 se-

295 1460 506 1510 quentibus
526 1460 708 1499 carminis
726 1473 781 1499 vs.
802 1463 878 1500 320
896 1493 903 1499 .
921 1491 930 1500 .
948 1491 957 1499 .
977 1464 1016 1500 et
1034 1474 1124 1515 cum
1142 1460 1284 1499 Iliadis
1302 1460 1405 1499 libro
1423 1460 1542 1500 XIII
1569 1457 1609 1511 (ἡ
1630 1459 1735 1511 μάχη

295 1528 335 1568 ἓν
361 1525 502 1577 ναυσίν)
539 1526 683 1566 collata
719 1527 1004 1567 demonstrant.
1059 1527 1128 1567 Ad
1162 1539 1279 1577 quem
1314 1527 1445 1566 omnia
1480 1527 1589 1566 haud
1617 1526 1736 1565 dubie

274 1594 501 1635 -referenda
538 1598 650 1643 sunt,
688 1594 756 1634 sed
791 1595 888 1644 quid
925 1608 1106 1645 expresse
1133 1595 1209 1634 sibi
1235 1595 1376 1643 velint,
1411 1608 1488 1634 non
1514 1598 1597 1633 tam
1623 1593 1738 1633 facile

297 1663 517 1714 explicatur
543 1674 663 1711 quam
690 1661 731 1700 in
767 1663 991 1702 universum
1015 1662 1286 1712 adumbratur,
1321 1675 1410 1701 cum
1435 1661 1559 1701 foedis
1586 1660 1738 1701 mendis

296 1731 445 1770 referta
484 1729 594 1768 haud
633 1742 775 1780 parvas
815 1730 1070 1770 difficultates
1105 1730 1310 1780 interpreti
1344 1729 1523 1769 afferant.
1579 1729 1644 1769 Sic
1677 1730 1738 1769 vel

297 1798 424 1850 primo
453 1797 594 1837 obtutu
621 1798 716 1836 alter
750 1797 850 1837 falso
882 1801 1086 1837 exaratum
1114 1810 1197 1837 esse
1222 1800 1407 1849 apparet3
1444 1810 1535 1837 nam
1562 1798 1594 1837 si
1621 1810 1739 1848 quae-

297 1867 440 1915 rimus,
479 1878 557 1915 quo
584 1865 745 1904 tandem
772 1867 867 1905 alter
892 1869 1063 1917 spectet,
1096 1879 1174 1905 non
1205 1866 1313 1916 prius
1343 1878 1461 1915 quam
1493 1866 1533 1905 in
1568 1879 1623 1905 vs.
1662 1868 1737 1905 323

298 1934 511 1982 Achillem,
538 1932 708 1971 alterum
729 1934 944 1983 Aeaciden,
972 1933 1271 1972 commemorari
1297 1933 1483 1982 videmus,
1509 1937 1555 1972 ut
1581 1937 1739 1983 poetam

300 2002 376 2041 nisi
403 2014 546 2052 magna
573 2014 662 2040 cum
691 2003 907 2041 sententiae
945 2002 1187 2041 obscuritate
1222 2002 1280 2041 ita
1312 2000 1422 2051 loqui
1456 2014 1534 2040 non
1568 2001 1740 2053 potuisse

300 2069 551 2108 manifestum
587 2070 651 2108 sit.
711 2068 844 2119 Quare
876 2073 922 2108 ut
957 2070 1021 2108 vix
1055 2068 1271 2119 quidquam
1312 2069 1421 2108 dubii
1455 2069 1608 2118 haeret,
1646 2069 1741 2118 quin

299 2138 397 2178 haec
429 2150 505 2177 vox
531 2150 651 2189 prave
685 2137 836 2177 tradita
867 2137 938 2187 sit,
976 2137 1031 2189 sic
1062 2135 1205 2177 Bembi
1233 2137 1495 2177 coniecturam
1522 2149 1607 2176 acer
1630 2136 1741 2176 nullo

300 2206 519 2245 novissimis
547 2206 707 2255 quidem
724 2205 968 2256 temporibus
988 2208 1231 2255 repugnante
1255 2205 1436 2255 amplecti
1453 2218 1530 2244 non
1550 2218 1741 2244 veremur.

302 2274 445 2326 Neque
477 2286 570 2314 vero
582 2305 592 2324 ,
629 2277 675 2313 ut
711 2287 798 2314 eam
831 2272 1009 2313 funditus
1036 2272 1303 2323 stabiliamus,
1340 2275 1480 2325 poetae
1506 2273 1626 2313 verba
1654 2273 1742 2313 sub-

304 2343 508 2393 sequentia
534 2342 801 2392 repudiamus,
839 2341 982 2390 quibus
1008 2341 1176 2381 Aiacem
1205 2341 1341 2380 eodem
1370 2342 1525 2381 nomine
1552 2342 1731 2392 designat

303 2424 390 2451 cum
417 2423 473 2450 VS.
499 2411 707 2451 315—317
738 2410 793 2450 sic
817 2409 995 2460 loquitur

459 2478 551 2517 hinc
577 2481 664 2517 crat
691 2478 893 2528 oppositus
920 2481 1036 2517 conto
1063 2477 1315 2516 Telamonius
1340 2477 1455 2516 heros

462 2545 694 2596 obiectoque
718 2545 840 2585 dabat
866 2545 990 2597 clipeo
1017 2545 1245 2594 certamina,
1273 2547 1313 2584 et
1336 2544 1443 2584 illinc

461 2613 615 2652 Hector
643 2616 741 2662 erat,
767 2613 910 2653 Troiae
938 2626 1134 2653 summum
1160 2613 1290 2662 decus,
1318 2625 1409 2652 acer
1435 2616 1614 2663 uterque.
