1988 2992
310 296 387 322 non
422 283 479 322 ita
512 287 742 334 comparata
778 284 850 334 sit,
892 288 938 323 ut
972 284 1182 323 nonnullae
1216 284 1319 323 aliae
1353 284 1476 324 mirae
1512 285 1748 335 eaedemque
1799 312 1801 314 -

310 350 434 390 falsae
456 350 590 391 afferri
617 352 778 402 possint,
806 365 883 391 non
907 352 1003 392 satis
1028 352 1209 391 idoneam
1235 365 1318 391 esse
1337 352 1527 402 existimo,
1554 365 1633 403 qua
1652 352 1749 392 iudi-

309 419 415 458 cium
443 419 491 458 de
513 419 708 460 Vossiano
726 420 866 459 ceteris
889 420 1070 459 omnibus
1089 420 1329 470 argumentis
1353 419 1548 459 stabiliter
1570 433 1616 459 ac
1638 419 1749 459 firme

310 485 459 526 factum
491 490 753 537 pervertatur.
804 488 1025 540 Propterea
1063 489 1156 528 viris
1192 487 1318 527 doctis
1349 488 1557 538 astipulari
1583 500 1748 538 nequeo,

310 558 356 592 ut
402 568 488 593 eam
530 567 614 593 esse
649 558 790 604 poetae
825 556 1053 595 elocutionis
1087 556 1294 605 vestigium
1326 559 1481 605 putem,
1531 560 1577 594 ut
1612 559 1749 595 contra

307 622 644 671 quemadmodum
672 623 820 662 multas
841 623 939 662 alias
967 625 1022 662 sic
1048 623 1150 662 hanc
1179 623 1340 662 consilio
1368 636 1416 662 ac
1442 627 1572 662 mente
1598 623 1750 663 librarii

310 689 488 729 effectam
525 694 564 728 et
600 703 670 740 per
695 691 824 729 varios
847 691 992 741 gradus
1023 691 1279 741 depravatam
1300 691 1342 729 in
1368 694 1521 730 textum
1548 691 1750 741 irrepsisse

309 770 501 797 censeam.
554 756 746 807 Quotiens
767 758 888 809 igitur
907 758 981 797 hac
1007 759 1305 798 ratiocinatione
1324 759 1466 799 ductus
1486 759 1538 798 ad
1555 759 1750 809 quaestio-

311 839 401 864 nem
436 825 729 866 diiudicandam
764 827 928 876 accedo,
963 827 1108 866 totiens
1142 831 1182 866 et
1218 826 1502 866 Baehrensium
1537 828 1579 865 in
1620 839 1749 865 errore

310 894 460 932 versari
485 893 581 932 mihi
607 895 824 945 persuadeo
854 898 893 933 et
921 894 1161 935 Vossianum
1186 907 1263 933 non
1290 907 1338 933 ex
1364 895 1488 933 altero
1523 893 1748 944 apographo

310 961 533 1011 archetypi,
573 963 641 1001 sed
677 975 724 1000 ex
761 962 897 1002 eodem
929 975 1006 1012 quo
1040 961 1277 1001 Bembinum
1313 966 1352 1001 et
1386 962 1749 1012 Cantabrigiensem

311 1029 470 1067 fluxisse
501 1029 770 1079 plurimasque
806 1030 1089 1081 discrepantias
1117 1029 1225 1068 nulla
1253 1029 1332 1068 alia
1367 1042 1410 1068 re
1437 1030 1512 1068 nisi
1539 1029 1749 1079 interpola-

310 1096 416 1136 tione
444 1097 697 1147 explicandas
728 1110 811 1138 esse
845 1098 974 1138 dicere
1010 1111 1088 1137 non
1124 1097 1272 1137 dubito.
1330 1095 1437 1147 Quin
1468 1097 1588 1137 etiam
1622 1097 1748 1137 multo

310 1164 497 1204 fidentius
525 1165 576 1204 ad
603 1166 704 1205 hanc
730 1166 963 1204 sententiam
993 1165 1116 1215 feror,
1154 1178 1243 1204 cum
1278 1165 1473 1204 nonnullis
1509 1166 1749 1215 argumentis

312 1234 553 1272 extrinsecus
590 1234 725 1283 petitis
760 1246 822 1272 me
856 1233 1033 1272 adiuvari
1066 1234 1230 1273 videam.
1287 1233 1447 1272 Etenim
1481 1236 1527 1272 ut
1564 1246 1698 1273 rursus
1725 1247 1750 1273 a

310 1299 544 1339 Baehrensii
570 1301 750 1350 opinione
786 1301 1037 1350 progrediar,
1070 1300 1361 1351 apographum,
1399 1300 1502 1339 unde
1535 1300 1750 1340 Bembinus

311 1371 351 1406 et
379 1367 715 1418 Cantabrigiensis
743 1368 851 1406 ducti
878 1371 988 1416 sunt,
1023 1371 1184 1418 propter
1211 1372 1433 1418 temporum
1459 1369 1652 1407 rationem
1679 1370 1747 1406 mi-

309 1436 411 1473 nime
430 1448 531 1474 saec.
552 1434 666 1475 VIII
692 1435 895 1475 tribuatur
916 1448 1071 1474 necesse
1092 1439 1171 1484 est;
1200 1436 1390 1485 sequitur,
1418 1439 1463 1474 ut
1480 1436 1746 1486 archetypum,

308 1502 394 1540 fons
418 1504 632 1543 communis
660 1504 828 1543 duorum
850 1503 1179 1553 apographorum,
1205 1504 1510 1542 vetustissimum
1527 1503 1747 1553 putandum

310 1570 372 1618 sit,
400 1582 490 1608 cum
518 1574 627 1609 aetas
653 1571 739 1620 ipsa
758 1571 981 1609 accuratius
1001 1570 1154 1609 definiri
1172 1583 1249 1609 non
1267 1571 1403 1620 possit.
1431 1570 1498 1609 Ita
1517 1584 1598 1609 rem
1616 1572 1746 1609 animo

309 1649 351 1675 se
368 1636 599 1676 informasse
620 1638 677 1676 vir
698 1638 837 1677 doctus
865 1638 925 1676 his
950 1637 1076 1676 verbis
1105 1637 1349 1676 demonstrat
1379 1637 1493 1686 „huic
1520 1637 1745 1688 apographo

310 1707 494 1754 corrupto
508 1704 610 1743 alter
627 1705 732 1743 illius
747 1707 833 1744 aevi
845 1705 961 1743 homo
981 1718 1095 1743 curas
1110 1704 1321 1754 applicavit
1335 1706 1490 1744 criticas
1510 1718 1587 1744 non
1601 1705 1745 1743 collato

309 1772 535 1822 exemplari,
564 1772 670 1822 quod
698 1773 856 1812 iamiam
883 1773 1077 1811 evanuit.“
1134 1770 1222 1822 Quo
1255 1774 1384 1824 posito
1421 1776 1526 1812 recte
1553 1771 1748 1812 concludi-

310 1852 419 1888 mus,
459 1853 537 1889 quo
574 1841 674 1879 illud
701 1840 892 1879 vetustius
928 1853 1011 1879 esse
1038 1840 1221 1889 dicimus,
1259 1854 1304 1879 eo
1331 1840 1486 1880 fidelius
1515 1841 1746 1890 expressisse

308 1908 427 1947 verba
453 1912 603 1958 poetae,
627 1921 717 1947 cum
744 1911 827 1947 tam
853 1921 975 1959 prope
999 1908 1051 1947 ad
1078 1911 1249 1946 aetatem
1277 1908 1359 1947 eius
1387 1908 1560 1957 accedat,
1588 1911 1632 1946 ut
1650 1907 1746 1946 haec

309 1976 440 2014 omnia
475 1977 639 2024 menda,
682 1989 784 2025 quae
820 1979 977 2014 exstant
1015 1998 1067 2002 —
1113 1976 1242 2025 cogito
1284 1989 1375 2014 sane
1410 1989 1485 2014 non
1520 1976 1569 2014 de
1596 1975 1745 2013 levibus

308 2043 529 2092 scripturis,
568 2043 636 2081 sed
664 2044 713 2081 de
740 2043 835 2082 locis
863 2043 976 2081 valde
1000 2042 1176 2081 obscuris
1209 2065 1261 2070 —-
1293 2042 1504 2092 archetypo
1537 2042 1746 2080 obtrudere

308 2110 372 2148 vix
398 2110 528 2149 liceat.
582 2110 672 2161 Qua
700 2111 749 2150 de
777 2124 896 2150 causa
924 2123 1043 2160 quam
1070 2113 1246 2148 contorte
1268 2109 1334 2147 ille
1362 2113 1657 2159 argumentatus
1682 2109 1744 2158 sit,

307 2177 348 2215 in
375 2181 561 2227 promptu
597 2182 668 2228 est,
698 2191 789 2217 nam
817 2178 886 2228 qui
913 2177 1062 2217 factum
1091 2189 1174 2216 esse
1210 2176 1423 2227 fingamus,
1461 2181 1507 2216 ut
1543 2177 1621 2216 duo
1655 2189 1746 2227 apo-

307 2245 470 2296 grapha,
499 2258 601 2295 quae
627 2247 730 2284 inter
765 2259 806 2285 se
833 2259 912 2284 non
947 2245 1175 2294 cohaerent,
1212 2245 1387 2295 pristinis
1420 2244 1661 2295 temporibus
1699 2257 1747 2282 ex

307 2313 521 2364 archetypo
561 2313 758 2364 descripta
799 2313 956 2352 easdem
995 2312 1139 2351 multas
1186 2316 1225 2352 et
1268 2312 1516 2363 pravissimas
1561 2312 1747 2351 lectiones

306 2381 524 2430 praebeant
552 2384 603 2430 et,
633 2381 812 2430 quamvis
831 2380 1025 2419 nonnullis
1043 2380 1139 2419 locis
1160 2380 1329 2418 multum
1355 2381 1512 2429 distent,
1539 2383 1683 2428 tamen,
1713 2380 1746 2418 si

307 2448 428 2487 verba
451 2447 766 2498 explanationem
794 2447 1007 2486 dilucidam
1032 2460 1110 2486 non
1137 2447 1245 2498 dant,
1274 2460 1426 2498 semper
1459 2448 1553 2486 item
1580 2447 1746 2497 pessime
1801 2444 1802 2449 ’

308 2516 448 2556 habita
474 2515 581 2555 sint‘?
615 2515 666 2554 Id
699 2519 801 2554 certe
833 2516 977 2554 mirum
1003 2519 1062 2554 est
1090 2518 1129 2554 et
1158 2516 1226 2565 qui
1254 2517 1311 2554 ita
1338 2515 1547 2564 concludit,
1581 2514 1746 2553 difficul-

309 2587 411 2624 tates
438 2596 577 2623 revera
603 2596 682 2622 non
709 2582 827 2623 tollit.
880 2583 1097 2633 Propterea
1123 2582 1192 2622 illa
1218 2581 1448 2623 Baehrensii
1476 2582 1668 2623 sententia
1697 2582 1746 2621 de
