<?xml version="1.0" encoding="UTF-8"?>
<!DOCTYPE html PUBLIC "-//W3C//DTD XHTML 1.0 Transitional//EN"
    "http://www.w3.org/TR/xhtml1/DTD/xhtml1-transitional.dtd">
<html xmlns="http://www.w3.org/1999/xhtml" xml:lang="en" lang="en">
 <head>
  <title>
</title>
<meta http-equiv="Content-Type" content="text/html;charset=utf-8" />
  <meta name='ocr-system' content='tesseract 3.04.00' />
  <meta name='ocr-capabilities' content='ocr_page ocr_carea ocr_par ocr_line ocrx_word'/>
</head>
<body>
  <div class='ocr_page' id='page_1' title='image "4771380_0024.png"; bbox 0 0 1988 2992; ppageno 0'>
   <div class='ocr_carea' id='block_1_1' title="bbox 776 251 1010 288">
    <p class='ocr_par' dir='ltr' id='par_1_1' title="bbox 776 251 1010 288">
     <span class='ocr_line' id='line_1_1' title="bbox 776 251 1010 288; baseline 0 -11"><span class='ocrx_word' id='word_1_1' title='bbox 776 251 1010 288; x_wconf 72' lang='lat'><strong>..3....</strong></span> 
     </span>
    </p>
   </div>
   <div class='ocr_carea' id='block_1_2' title="bbox 180 350 1615 2649">
    <p class='ocr_par' dir='ltr' id='par_1_2' title="bbox 180 350 1607 744">
     <span class='ocr_line' id='line_1_2' title="bbox 182 350 1607 405; baseline -0.004 -8"><span class='ocrx_word' id='word_1_2' title='bbox 182 355 230 397; x_wconf 88' lang='lat' dir='ltr'><strong>iis</strong></span> <span class='ocrx_word' id='word_1_3' title='bbox 254 352 462 404; x_wconf 86' lang='lat' dir='ltr'><strong>recedunt,</strong></span> <span class='ocrx_word' id='word_1_4' title='bbox 496 352 530 393; x_wconf 86' lang='lat' dir='ltr'><strong>si</strong></span> <span class='ocrx_word' id='word_1_5' title='bbox 561 353 764 394; x_wconf 86' lang='lat' dir='ltr'><strong>nonnullos</strong></span> <span class='ocrx_word' id='word_1_6' title='bbox 798 354 913 395; x_wconf 85' lang='lat' dir='ltr'><strong>locos</strong></span> <span class='ocrx_word' id='word_1_7' title='bbox 940 353 1165 405; x_wconf 86' lang='lat' dir='ltr'><strong>neglexeris.</strong></span> <span class='ocrx_word' id='word_1_8' title='bbox 1220 350 1332 404; x_wconf 80' lang='lat' dir='ltr'><strong>Quae</strong></span> <span class='ocrx_word' id='word_1_9' title='bbox 1367 363 1607 404; x_wconf 85' lang='lat' dir='ltr'><strong>quamquam</strong></span> 
     </span>
     <span class='ocr_line' id='line_1_3' title="bbox 182 421 1606 465; baseline -0.004 0"><span class='ocrx_word' id='word_1_10' title='bbox 182 424 234 465; x_wconf 84' lang='lat' dir='ltr'><strong>ad</strong></span> <span class='ocrx_word' id='word_1_11' title='bbox 271 422 453 463; x_wconf 87' lang='lat' dir='ltr'><strong>carminis</strong></span> <span class='ocrx_word' id='word_1_12' title='bbox 492 424 645 461; x_wconf 87' lang='lat' dir='ltr'><strong>textum</strong></span> <span class='ocrx_word' id='word_1_13' title='bbox 683 422 998 462; x_wconf 87' lang='lat' dir='ltr'><strong>constituendum</strong></span> <span class='ocrx_word' id='word_1_14' title='bbox 1037 436 1115 462; x_wconf 89' lang='lat' dir='ltr'><strong>non</strong></span> <span class='ocrx_word' id='word_1_15' title='bbox 1151 421 1319 461; x_wconf 83' lang='lat' dir='ltr'><strong>multum</strong></span> <span class='ocrx_word' id='word_1_16' title='bbox 1357 421 1606 461; x_wconf 78' lang='lat' dir='ltr'><strong>auctoritatis</strong></span> 
     </span>
     <span class='ocr_line' id='line_1_4' title="bbox 181 485 1607 540; baseline -0.004 -9"><span class='ocrx_word' id='word_1_17' title='bbox 181 491 338 540; x_wconf 85' lang='lat' dir='ltr'><strong>habent,</strong></span> <span class='ocrx_word' id='word_1_18' title='bbox 361 503 449 529; x_wconf 89' lang='lat' dir='ltr'><strong>cum</strong></span> <span class='ocrx_word' id='word_1_19' title='bbox 476 489 629 539; x_wconf 85' lang='lat' dir='ltr'><strong>singula</strong></span> <span class='ocrx_word' id='word_1_20' title='bbox 653 493 789 540; x_wconf 80' lang='lat' dir='ltr'><strong>utpote</strong></span> <span class='ocrx_word' id='word_1_21' title='bbox 825 491 878 529; x_wconf 87' lang='lat' dir='ltr'><strong>ad</strong></span> <span class='ocrx_word' id='word_1_22' title='bbox 913 494 1066 530; x_wconf 89' lang='lat' dir='ltr'><strong>certum</strong></span> <span class='ocrx_word' id='word_1_23' title='bbox 1101 485 1305 530; x_wconf 78' lang='lat' dir='ltr'><strong>consilium</strong></span> <span class='ocrx_word' id='word_1_24' title='bbox 1339 492 1538 538; x_wconf 84' lang='lat' dir='ltr'><strong>congesta,</strong></span> <span class='ocrx_word' id='word_1_25' title='bbox 1574 488 1607 526; x_wconf 90' lang='lat' dir='ltr'><strong>si</strong></span> 
     </span>
     <span class='ocr_line' id='line_1_5' title="bbox 181 557 1605 608; baseline -0.004 -9"><span class='ocrx_word' id='word_1_26' title='bbox 181 558 340 599; x_wconf 86' lang='lat' dir='ltr'><strong>librario</strong></span> <span class='ocrx_word' id='word_1_27' title='bbox 361 557 571 608; x_wconf 86' lang='lat' dir='ltr'><strong>videretur,</strong></span> <span class='ocrx_word' id='word_1_28' title='bbox 589 561 743 596; x_wconf 85' lang='lat' dir='ltr'><strong>mutata</strong></span> <span class='ocrx_word' id='word_1_29' title='bbox 762 562 802 597; x_wconf 88' lang='lat' dir='ltr'><strong>et</strong></span> <span class='ocrx_word' id='word_1_30' title='bbox 820 558 1064 598; x_wconf 85' lang='lat' dir='ltr'><strong>conformata</strong></span> <span class='ocrx_word' id='word_1_31' title='bbox 1081 571 1163 597; x_wconf 88' lang='lat' dir='ltr'><strong>esse</strong></span> <span class='ocrx_word' id='word_1_32' title='bbox 1181 562 1322 597; x_wconf 82' lang='lat' dir='ltr'><strong>natura</strong></span> <span class='ocrx_word' id='word_1_33' title='bbox 1339 561 1379 596; x_wconf 92' lang='lat' dir='ltr'><strong>et</strong></span> <span class='ocrx_word' id='word_1_34' title='bbox 1396 557 1605 607; x_wconf 90' lang='lat' dir='ltr'><strong>inceptum,</strong></span> 
     </span>
     <span class='ocr_line' id='line_1_6' title="bbox 180 625 1606 676; baseline -0.003 -9"><span class='ocrx_word' id='word_1_35' title='bbox 180 628 242 667; x_wconf 92' lang='lat' dir='ltr'><strong>cui</strong></span> <span class='ocrx_word' id='word_1_36' title='bbox 265 626 491 676; x_wconf 88' lang='lat' dir='ltr'><strong>inserviunt,</strong></span> <span class='ocrx_word' id='word_1_37' title='bbox 520 626 823 666; x_wconf 80' lang='lat' dir='ltr'><strong>luculentissime</strong></span> <span class='ocrx_word' id='word_1_38' title='bbox 846 627 1124 676; x_wconf 83' lang='lat' dir='ltr'><strong>demonstrent,</strong></span> <span class='ocrx_word' id='word_1_39' title='bbox 1152 630 1283 666; x_wconf 85' lang='lat' dir='ltr'><strong>tamen</strong></span> <span class='ocrx_word' id='word_1_40' title='bbox 1310 638 1401 672; x_wconf 62' lang='lat' dir='ltr'><strong>uno,</strong></span> <span class='ocrx_word' id='word_1_41' title='bbox 1415 629 1455 664; x_wconf 91' lang='lat' dir='ltr'><strong>et</strong></span> <span class='ocrx_word' id='word_1_42' title='bbox 1481 625 1606 664; x_wconf 88' lang='lat' dir='ltr'><strong>altero</strong></span> 
     </span>
     <span class='ocr_line' id='line_1_7' title="bbox 181 693 1199 744; baseline -0.001 -9"><span class='ocrx_word' id='word_1_43' title='bbox 181 695 266 735; x_wconf 91' lang='lat' dir='ltr'><strong>loco</strong></span> <span class='ocrx_word' id='word_1_44' title='bbox 292 693 344 734; x_wconf 87' lang='lat' dir='ltr'><strong>ad</strong></span> <span class='ocrx_word' id='word_1_45' title='bbox 371 706 506 734; x_wconf 86' lang='lat' dir='ltr'><strong>eorum</strong></span> <span class='ocrx_word' id='word_1_46' title='bbox 533 693 745 744; x_wconf 87' lang='lat' dir='ltr'><strong>scripturas</strong></span> <span class='ocrx_word' id='word_1_47' title='bbox 771 694 922 734; x_wconf 81' lang='lat' dir='ltr'><strong>utiliter</strong></span> <span class='ocrx_word' id='word_1_48' title='bbox 946 707 1199 735; x_wconf 84' lang='lat' dir='ltr'><strong>recurremus.</strong></span> 
     </span>
    </p>

    <p class='ocr_par' dir='ltr' id='par_1_3' title="bbox 284 761 947 803">
     <span class='ocr_line' id='line_1_8' title="bbox 284 761 947 803; baseline 0.003 -2"><span class='ocrx_word' id='word_1_49' title='bbox 284 761 419 802; x_wconf 90' lang='lat' dir='ltr'><strong>Aliter</strong></span> <span class='ocrx_word' id='word_1_50' title='bbox 443 774 505 802; x_wconf 85' lang='lat' dir='ltr'><strong>res</strong></span> <span class='ocrx_word' id='word_1_51' title='bbox 533 774 575 802; x_wconf 91' lang='lat' dir='ltr'><strong>se</strong></span> <span class='ocrx_word' id='word_1_52' title='bbox 600 762 721 803; x_wconf 87' lang='lat' dir='ltr'><strong>habet</strong></span> <span class='ocrx_word' id='word_1_53' title='bbox 745 763 787 802; x_wconf 91' lang='lat' dir='ltr'><strong>in</strong></span> <span class='ocrx_word' id='word_1_54' title='bbox 815 763 947 803; x_wconf 84' lang='lat' dir='ltr'><strong>codice</strong></span> 
     </span>
    </p>

    <p class='ocr_par' dir='ltr' id='par_1_4' title="bbox 182 829 1610 1016">
     <span class='ocr_line' id='line_1_9' title="bbox 284 829 1606 882; baseline -0.002 -11"><span class='ocrx_word' id='word_1_55' title='bbox 284 829 333 880; x_wconf 86' lang='lat' dir='ltr'><strong>V,</strong></span> <span class='ocrx_word' id='word_1_56' title='bbox 367 829 562 871; x_wconf 83' lang='lat' dir='ltr'><strong>Vossiano</strong></span> <span class='ocrx_word' id='word_1_57' title='bbox 600 842 650 868; x_wconf 91' lang='lat' dir='ltr'><strong>no</strong></span> <span class='ocrx_word' id='word_1_58' title='bbox 685 833 733 869; x_wconf 88' lang='lat'><strong>81</strong></span> <span class='ocrx_word' id='word_1_59' title='bbox 755 843 873 870; x_wconf 83' lang='lat' dir='ltr'><strong>saec.</strong></span> <span class='ocrx_word' id='word_1_60' title='bbox 910 830 1009 881; x_wconf 90' lang='lat' dir='ltr'><strong>XV,</strong></span> <span class='ocrx_word' id='word_1_61' title='bbox 1049 832 1117 881; x_wconf 95' lang='lat' dir='ltr'><strong>qui</strong></span> <span class='ocrx_word' id='word_1_62' title='bbox 1151 830 1388 882; x_wconf 89' lang='lat' dir='ltr'><strong>compendiis</strong></span> <span class='ocrx_word' id='word_1_63' title='bbox 1429 830 1606 880; x_wconf 87' lang='lat' dir='ltr'><strong>plurimis</strong></span> 
     </span>
     <span class='ocr_line' id='line_1_10' title="bbox 182 897 1608 948; baseline -0.001 -10"><span class='ocrx_word' id='word_1_64' title='bbox 182 898 350 948; x_wconf 89' lang='lat' dir='ltr'><strong>scriptus</strong></span> <span class='ocrx_word' id='word_1_65' title='bbox 384 897 609 947; x_wconf 86' lang='lat' dir='ltr'><strong>saepissime</strong></span> <span class='ocrx_word' id='word_1_66' title='bbox 644 912 669 937; x_wconf 87' lang='lat' dir='ltr'><strong>a</strong></span> <span class='ocrx_word' id='word_1_67' title='bbox 703 899 842 938; x_wconf 89' lang='lat' dir='ltr'><strong>ceteris</strong></span> <span class='ocrx_word' id='word_1_68' title='bbox 876 898 988 938; x_wconf 87' lang='lat' dir='ltr'><strong>libris</strong></span> <span class='ocrx_word' id='word_1_69' title='bbox 1023 898 1220 948; x_wconf 88' lang='lat' dir='ltr'><strong>discrepat</strong></span> <span class='ocrx_word' id='word_1_70' title='bbox 1256 901 1296 937; x_wconf 90' lang='lat' dir='ltr'><strong>et</strong></span> <span class='ocrx_word' id='word_1_71' title='bbox 1328 910 1608 946; x_wconf 89' lang='lat' dir='ltr'><strong>nonnunquam</strong></span> 
     </span>
     <span class='ocr_line' id='line_1_11' title="bbox 182 964 1610 1016; baseline -0.001 -11"><span class='ocrx_word' id='word_1_72' title='bbox 182 966 306 1011; x_wconf 85' lang='lat' dir='ltr'><strong>alium</strong></span> <span class='ocrx_word' id='word_1_73' title='bbox 326 964 407 1004; x_wconf 85' lang='lat' dir='ltr'><strong>fer&#39;e</strong></span> <span class='ocrx_word' id='word_1_74' title='bbox 431 968 583 1004; x_wconf 88' lang='lat' dir='ltr'><strong>textum</strong></span> <span class='ocrx_word' id='word_1_75' title='bbox 613 966 800 1016; x_wconf 88' lang='lat' dir='ltr'><strong>praebere</strong></span> <span class='ocrx_word' id='word_1_76' title='bbox 831 967 997 1006; x_wconf 80' lang='lat' dir='ltr'><strong>videtur.</strong></span> <span class='ocrx_word' id='word_1_77' title='bbox 1059 966 1240 1005; x_wconf 88' lang='lat' dir='ltr'><strong>Eandem</strong></span> <span class='ocrx_word' id='word_1_78' title='bbox 1271 968 1455 1004; x_wconf 85' lang='lat' dir='ltr'><strong>naturam</strong></span> <span class='ocrx_word' id='word_1_79' title='bbox 1486 965 1610 1004; x_wconf 86' lang='lat' dir='ltr'><strong>codex</strong></span> 
     </span>
    </p>

    <p class='ocr_par' dir='ltr' id='par_1_5' title="bbox 182 1032 1615 2649">
     <span class='ocr_line' id='line_1_12' title="bbox 284 1032 1609 1084; baseline -0.001 -10"><span class='ocrx_word' id='word_1_80' title='bbox 284 1033 336 1082; x_wconf 85' lang='lat' dir='ltr'><strong>II,</strong></span> <span class='ocrx_word' id='word_1_81' title='bbox 362 1033 688 1073; x_wconf 90' lang='lat' dir='ltr'><strong>Helmstadiensis</strong></span> <span class='ocrx_word' id='word_1_82' title='bbox 713 1048 763 1074; x_wconf 91' lang='lat' dir='ltr'><strong>no</strong></span> <span class='ocrx_word' id='word_1_83' title='bbox 791 1039 880 1084; x_wconf 83' lang='lat'><strong>332,</strong></span> <span class='ocrx_word' id='word_1_84' title='bbox 906 1048 1010 1073; x_wconf 90' lang='lat' dir='ltr'><strong>nunc</strong></span> <span class='ocrx_word' id='word_1_85' title='bbox 1036 1034 1368 1083; x_wconf 84' lang='lat' dir='ltr'><strong>Guelferbytanus</strong></span> <span class='ocrx_word' id='word_1_86' title='bbox 1396 1046 1495 1072; x_wconf 87' lang='lat' dir='ltr'><strong>saec.</strong></span> <span class='ocrx_word' id='word_1_87' title='bbox 1522 1032 1609 1073; x_wconf 94' lang='lat' dir='ltr'><strong>XV</strong></span> 
     </span>
     <span class='ocr_line' id='line_1_13' title="bbox 183 1101 1607 1152; baseline -0.001 -11"><span class='ocrx_word' id='word_1_88' title='bbox 183 1115 276 1152; x_wconf 87' lang='lat' dir='ltr'><strong>prae</strong></span> <span class='ocrx_word' id='word_1_89' title='bbox 303 1115 344 1140; x_wconf 92' lang='lat' dir='ltr'><strong>se</strong></span> <span class='ocrx_word' id='word_1_90' title='bbox 370 1101 458 1151; x_wconf 90' lang='lat' dir='ltr'><strong>fert,</strong></span> <span class='ocrx_word' id='word_1_91' title='bbox 485 1103 553 1152; x_wconf 84' lang='lat' dir='ltr'><strong>qui</strong></span> <span class='ocrx_word' id='word_1_92' title='bbox 576 1116 665 1141; x_wconf 91' lang='lat' dir='ltr'><strong>cum</strong></span> <span class='ocrx_word' id='word_1_93' title='bbox 686 1102 879 1143; x_wconf 85' lang='lat' dir='ltr'><strong>Vossiano</strong></span> <span class='ocrx_word' id='word_1_94' title='bbox 907 1108 989 1143; x_wconf 89' lang='lat' dir='ltr'><strong>tam</strong></span> <span class='ocrx_word' id='word_1_95' title='bbox 1015 1108 1102 1143; x_wconf 90' lang='lat' dir='ltr'><strong>arto</strong></span> <span class='ocrx_word' id='word_1_96' title='bbox 1134 1103 1286 1142; x_wconf 86' lang='lat' dir='ltr'><strong>vinculo</strong></span> <span class='ocrx_word' id='word_1_97' title='bbox 1311 1102 1607 1141; x_wconf 84' lang='lat' dir='ltr'><strong>necessitudinis</strong></span> 
     </span>
     <span class='ocr_line' id='line_1_14' title="bbox 184 1170 1609 1220; baseline 0 -12"><span class='ocrx_word' id='word_1_98' title='bbox 184 1170 411 1208; x_wconf 89' lang='lat' dir='ltr'><strong>coniunctus</strong></span> <span class='ocrx_word' id='word_1_99' title='bbox 445 1173 515 1219; x_wconf 87' lang='lat' dir='ltr'><strong>est,</strong></span> <span class='ocrx_word' id='word_1_100' title='bbox 553 1173 610 1219; x_wconf 90' lang='lat' dir='ltr'><strong>ut,</strong></span> <span class='ocrx_word' id='word_1_101' title='bbox 646 1172 721 1210; x_wconf 91' lang='lat' dir='ltr'><strong>etsi</strong></span> <span class='ocrx_word' id='word_1_102' title='bbox 752 1184 829 1210; x_wconf 89' lang='lat' dir='ltr'><strong>non</strong></span> <span class='ocrx_word' id='word_1_103' title='bbox 864 1172 1041 1211; x_wconf 88' lang='lat' dir='ltr'><strong>omnibus</strong></span> <span class='ocrx_word' id='word_1_104' title='bbox 1076 1172 1158 1210; x_wconf 88' lang='lat' dir='ltr'><strong>eius</strong></span> <span class='ocrx_word' id='word_1_105' title='bbox 1195 1170 1421 1210; x_wconf 86' lang='lat' dir='ltr'><strong>differentiis</strong></span> <span class='ocrx_word' id='word_1_106' title='bbox 1447 1170 1609 1220; x_wconf 85' lang='lat' dir='ltr'><strong>insignis</strong></span> 
     </span>
     <span class='ocr_line' id='line_1_15' title="bbox 182 1237 1610 1289; baseline 0.002 -14"><span class='ocrx_word' id='word_1_107' title='bbox 182 1240 252 1286; x_wconf 84' lang='lat' dir='ltr'><strong>est,</strong></span> <span class='ocrx_word' id='word_1_108' title='bbox 282 1239 413 1276; x_wconf 86' lang='lat' dir='ltr'><strong>tamen</strong></span> <span class='ocrx_word' id='word_1_109' title='bbox 441 1237 564 1287; x_wconf 82' lang='lat' dir='ltr'><strong>magis</strong></span> <span class='ocrx_word' id='word_1_110' title='bbox 586 1250 675 1277; x_wconf 93' lang='lat' dir='ltr'><strong>cum</strong></span> <span class='ocrx_word' id='word_1_111' title='bbox 701 1238 779 1278; x_wconf 87' lang='lat' dir='ltr'><strong>hoc</strong></span> <span class='ocrx_word' id='word_1_112' title='bbox 801 1238 901 1278; x_wconf 91' lang='lat' dir='ltr'><strong>libro</strong></span> <span class='ocrx_word' id='word_1_113' title='bbox 929 1252 1047 1289; x_wconf 92' lang='lat' dir='ltr'><strong>quam</strong></span> <span class='ocrx_word' id='word_1_114' title='bbox 1073 1252 1160 1278; x_wconf 90' lang='lat' dir='ltr'><strong>cum</strong></span> <span class='ocrx_word' id='word_1_115' title='bbox 1187 1238 1378 1278; x_wconf 90' lang='lat' dir='ltr'><strong>Bembino</strong></span> <span class='ocrx_word' id='word_1_116' title='bbox 1406 1241 1446 1277; x_wconf 89' lang='lat' dir='ltr'><strong>et</strong></span> <span class='ocrx_word' id='word_1_117' title='bbox 1466 1238 1610 1279; x_wconf 86' lang='lat' dir='ltr'><strong>Canta-</strong></span> 
     </span>
     <span class='ocr_line' id='line_1_16' title="bbox 182 1305 1609 1358; baseline 0.001 -15"><span class='ocrx_word' id='word_1_118' title='bbox 182 1305 365 1355; x_wconf 86' lang='lat' dir='ltr'><strong>brigiensi</strong></span> <span class='ocrx_word' id='word_1_119' title='bbox 405 1305 637 1345; x_wconf 79' lang='lat' dir='ltr'><strong>consentiat.</strong></span> <span class='ocrx_word' id='word_1_120' title='bbox 702 1305 872 1346; x_wconf 85' lang='lat' dir='ltr'><strong>Restant</strong></span> <span class='ocrx_word' id='word_1_121' title='bbox 917 1307 1039 1358; x_wconf 89' lang='lat' dir='ltr'><strong>igitur</strong></span> <span class='ocrx_word' id='word_1_122' title='bbox 1082 1307 1290 1347; x_wconf 80' lang='lat' dir='ltr'><strong>dumtaxat</strong></span> <span class='ocrx_word' id='word_1_123' title='bbox 1333 1310 1413 1346; x_wconf 91' lang='lat' dir='ltr'><strong>tres</strong></span> <span class='ocrx_word' id='word_1_124' title='bbox 1457 1306 1609 1346; x_wconf 87' lang='lat' dir='ltr'><strong>codices</strong></span> 
     </span>
     <span class='ocr_line' id='line_1_17' title="bbox 182 1373 1610 1425; baseline 0.002 -15"><span class='ocrx_word' id='word_1_125' title='bbox 182 1376 307 1410; x_wconf 88' lang='lat' dir='ltr'><strong>artem</strong></span> <span class='ocrx_word' id='word_1_126' title='bbox 334 1373 509 1413; x_wconf 88' lang='lat' dir='ltr'><strong>criticam</strong></span> <span class='ocrx_word' id='word_1_127' title='bbox 535 1375 733 1412; x_wconf 86' lang='lat' dir='ltr'><strong>exercenti</strong></span> <span class='ocrx_word' id='word_1_128' title='bbox 750 1374 978 1424; x_wconf 90' lang='lat' dir='ltr'><strong>Bembinus,</strong></span> <span class='ocrx_word' id='word_1_129' title='bbox 1007 1374 1352 1425; x_wconf 83' lang='lat' dir='ltr'><strong>Cantabrigiensis,</strong></span> <span class='ocrx_word' id='word_1_130' title='bbox 1379 1374 1610 1424; x_wconf 86' lang='lat' dir='ltr'><strong>Vossianus,</strong></span> 
     </span>
     <span class='ocr_line' id='line_1_18' title="bbox 184 1441 1612 1494; baseline 0.002 -15"><span class='ocrx_word' id='word_1_131' title='bbox 184 1453 349 1490; x_wconf 90' lang='lat' dir='ltr'><strong>quorum</strong></span> <span class='ocrx_word' id='word_1_132' title='bbox 366 1441 453 1480; x_wconf 91' lang='lat' dir='ltr'><strong>illos</strong></span> <span class='ocrx_word' id='word_1_133' title='bbox 471 1455 602 1491; x_wconf 84' lang='lat' dir='ltr'><strong>unam,</strong></span> <span class='ocrx_word' id='word_1_134' title='bbox 628 1441 730 1481; x_wconf 91' lang='lat' dir='ltr'><strong>hunc</strong></span> <span class='ocrx_word' id='word_1_135' title='bbox 752 1443 917 1483; x_wconf 88' lang='lat' dir='ltr'><strong>alteram</strong></span> <span class='ocrx_word' id='word_1_136' title='bbox 938 1443 1127 1483; x_wconf 86' lang='lat' dir='ltr'><strong>familiam</strong></span> <span class='ocrx_word' id='word_1_137' title='bbox 1144 1446 1436 1494; x_wconf 87' lang='lat' dir='ltr'><strong>repraesentare</strong></span> <span class='ocrx_word' id='word_1_138' title='bbox 1454 1443 1612 1482; x_wconf 87' lang='lat' dir='ltr'><strong>fuerunt</strong></span> 
     </span>
     <span class='ocr_line' id='line_1_19' title="bbox 185 1507 1612 1562; baseline 0.004 -18"><span class='ocrx_word' id='word_1_139' title='bbox 185 1507 253 1556; x_wconf 91' lang='lat' dir='ltr'><strong>qui</strong></span> <span class='ocrx_word' id='word_1_140' title='bbox 279 1512 488 1558; x_wconf 89' lang='lat' dir='ltr'><strong>censerent,</strong></span> <span class='ocrx_word' id='word_1_141' title='bbox 505 1510 584 1556; x_wconf 41' lang='lat' dir='ltr'><strong>‚sed</strong></span> <span class='ocrx_word' id='word_1_142' title='bbox 612 1523 687 1549; x_wconf 92' lang='lat' dir='ltr'><strong>non</strong></span> <span class='ocrx_word' id='word_1_143' title='bbox 711 1511 845 1550; x_wconf 91' lang='lat' dir='ltr'><strong>multis</strong></span> <span class='ocrx_word' id='word_1_144' title='bbox 869 1512 1158 1562; x_wconf 86' lang='lat' dir='ltr'><strong>persuaderent.</strong></span> <span class='ocrx_word' id='word_1_145' title='bbox 1202 1510 1378 1560; x_wconf 80' lang='lat' dir='ltr'><strong>Quorum</strong></span> <span class='ocrx_word' id='word_1_146' title='bbox 1397 1513 1612 1550; x_wconf 88' lang='lat' dir='ltr'><strong>sententiae</strong></span> 
     </span>
     <span class='ocr_line' id='line_1_20' title="bbox 185 1577 1612 1631; baseline 0.003 -17"><span class='ocrx_word' id='word_1_147' title='bbox 185 1588 273 1614; x_wconf 92' lang='lat' dir='ltr'><strong>cum</strong></span> <span class='ocrx_word' id='word_1_148' title='bbox 308 1579 394 1616; x_wconf 91' lang='lat' dir='ltr'><strong>toto</strong></span> <span class='ocrx_word' id='word_1_149' title='bbox 430 1577 539 1617; x_wconf 89' lang='lat' dir='ltr'><strong>coelo</strong></span> <span class='ocrx_word' id='word_1_150' title='bbox 575 1581 621 1617; x_wconf 94' lang='lat' dir='ltr'><strong>ut</strong></span> <span class='ocrx_word' id='word_1_151' title='bbox 656 1578 768 1619; x_wconf 89' lang='lat' dir='ltr'><strong>aiunt</strong></span> <span class='ocrx_word' id='word_1_152' title='bbox 792 1579 951 1630; x_wconf 90' lang='lat' dir='ltr'><strong>distent,</strong></span> <span class='ocrx_word' id='word_1_153' title='bbox 988 1592 1128 1631; x_wconf 89' lang='lat' dir='ltr'><strong>operae</strong></span> <span class='ocrx_word' id='word_1_154' title='bbox 1154 1580 1330 1630; x_wconf 82' lang='lat' dir='ltr'><strong>pretium·</strong></span> <span class='ocrx_word' id='word_1_155' title='bbox 1350 1592 1433 1619; x_wconf 89' lang='lat' dir='ltr'><strong>esse</strong></span> <span class='ocrx_word' id='word_1_156' title='bbox 1458 1579 1612 1619; x_wconf 80' lang='lat' dir='ltr'><strong>videtur</strong></span> 
     </span>
     <span class='ocr_line' id='line_1_21' title="bbox 184 1643 1610 1698; baseline 0.004 -17"><span class='ocrx_word' id='word_1_157' title='bbox 184 1643 235 1680; x_wconf 91' lang='lat' dir='ltr'><strong>ad</strong></span> <span class='ocrx_word' id='word_1_158' title='bbox 255 1643 355 1682; x_wconf 86' lang='lat' dir='ltr'><strong>hanc</strong></span> <span class='ocrx_word' id='word_1_159' title='bbox 380 1648 691 1696; x_wconf 85' lang='lat' dir='ltr'><strong>controversiam,</strong></span> <span class='ocrx_word' id='word_1_160' title='bbox 718 1647 848 1697; x_wconf 88' lang='lat' dir='ltr'><strong>quoad</strong></span> <span class='ocrx_word' id='word_1_161' title='bbox 875 1647 961 1686; x_wconf 88' lang='lat' dir='ltr'><strong>fieri</strong></span> <span class='ocrx_word' id='word_1_162' title='bbox 987 1650 1126 1698; x_wconf 85' lang='lat' dir='ltr'><strong>potest,</strong></span> <span class='ocrx_word' id='word_1_163' title='bbox 1154 1647 1413 1697; x_wconf 85' lang='lat' dir='ltr'><strong>defligendam</strong></span> <span class='ocrx_word' id='word_1_164' title='bbox 1435 1647 1610 1698; x_wconf 86' lang='lat' dir='ltr'><strong>aggredi,</strong></span> 
     </span>
     <span class='ocr_line' id='line_1_22' title="bbox 185 1714 1611 1766; baseline 0.003 -16"><span class='ocrx_word' id='word_1_165' title='bbox 185 1724 296 1761; x_wconf 89' lang='lat' dir='ltr'><strong>quae,</strong></span> <span class='ocrx_word' id='word_1_166' title='bbox 324 1725 414 1751; x_wconf 91' lang='lat' dir='ltr'><strong>cum</strong></span> <span class='ocrx_word' id='word_1_167' title='bbox 441 1714 532 1753; x_wconf 88' lang='lat' dir='ltr'><strong>inde</strong></span> <span class='ocrx_word' id='word_1_168' title='bbox 560 1715 674 1753; x_wconf 92' lang='lat' dir='ltr'><strong>simul</strong></span> <span class='ocrx_word' id='word_1_169' title='bbox 700 1715 887 1754; x_wconf 90' lang='lat' dir='ltr'><strong>iudicium</strong></span> <span class='ocrx_word' id='word_1_170' title='bbox 913 1715 1094 1766; x_wconf 88' lang='lat' dir='ltr'><strong>pendeat,</strong></span> <span class='ocrx_word' id='word_1_171' title='bbox 1130 1715 1257 1754; x_wconf 90' lang='lat' dir='ltr'><strong>illisne</strong></span> <span class='ocrx_word' id='word_1_172' title='bbox 1291 1728 1341 1754; x_wconf 89' lang='lat' dir='ltr'><strong>an</strong></span> <span class='ocrx_word' id='word_1_173' title='bbox 1368 1715 1458 1755; x_wconf 89' lang='lat' dir='ltr'><strong>huic</strong></span> <span class='ocrx_word' id='word_1_174' title='bbox 1486 1717 1611 1754; x_wconf 87' lang='lat' dir='ltr'><strong>maior</strong></span> 
     </span>
     <span class='ocr_line' id='line_1_23' title="bbox 185 1775 1610 1832; baseline 0.003 -14"><span class='ocrx_word' id='word_1_175' title='bbox 185 1779 280 1818; x_wconf 90' lang='lat' dir='ltr'><strong>fides</strong></span> <span class='ocrx_word' id='word_1_176' title='bbox 306 1781 486 1821; x_wconf 89' lang='lat' dir='ltr'><strong>habenda</strong></span> <span class='ocrx_word' id='word_1_177' title='bbox 510 1782 573 1831; x_wconf 90' lang='lat' dir='ltr'><strong>sit,</strong></span> <span class='ocrx_word' id='word_1_178' title='bbox 600 1783 829 1832; x_wconf 83' lang='lat' dir='ltr'><strong>gravissima</strong></span> <span class='ocrx_word' id='word_1_179' title='bbox 855 1787 914 1822; x_wconf 90' lang='lat' dir='ltr'><strong>est</strong></span> <span class='ocrx_word' id='word_1_180' title='bbox 932 1787 971 1822; x_wconf 90' lang='lat' dir='ltr'><strong>et</strong></span> <span class='ocrx_word' id='word_1_181' title='bbox 988 1783 1039 1822; x_wconf 87' lang='lat' dir='ltr'><strong>ad</strong></span> <span class='ocrx_word' id='word_1_182' title='bbox 1058 1783 1204 1831; x_wconf 80' lang='lat' dir='ltr'><strong>Culicis</strong></span> <span class='ocrx_word' id='word_1_183' title='bbox 1223 1783 1342 1827; x_wconf 83' lang='lat' dir='ltr'><strong>verba</strong></span> <span class='ocrx_word' id='word_1_184' title='bbox 1367 1775 1610 1823; x_wconf 83' lang='lat' dir='ltr'><strong>restituenda</strong></span> 
     </span>
     <span class='ocr_line' id='line_1_24' title="bbox 185 1848 1608 1902; baseline 0.004 -16"><span class='ocrx_word' id='word_1_185' title='bbox 185 1848 344 1887; x_wconf 89' lang='lat' dir='ltr'><strong>maximi</strong></span> <span class='ocrx_word' id='word_1_186' title='bbox 369 1849 562 1899; x_wconf 85' lang='lat' dir='ltr'><strong>ponderis,</strong></span> <span class='ocrx_word' id='word_1_187' title='bbox 616 1849 722 1889; x_wconf 86' lang='lat' dir='ltr'><strong>Nam</strong></span> <span class='ocrx_word' id='word_1_188' title='bbox 757 1851 790 1889; x_wconf 90' lang='lat' dir='ltr'><strong>si</strong></span> <span class='ocrx_word' id='word_1_189' title='bbox 814 1852 990 1901; x_wconf 86' lang='lat' dir='ltr'><strong>quaestio</strong></span> <span class='ocrx_word' id='word_1_190' title='bbox 1026 1854 1156 1890; x_wconf 90' lang='lat' dir='ltr'><strong>utrum</strong></span> <span class='ocrx_word' id='word_1_191' title='bbox 1193 1864 1328 1890; x_wconf 82' lang='lat' dir='ltr'><strong>revera</strong></span> <span class='ocrx_word' id='word_1_192' title='bbox 1363 1851 1440 1890; x_wconf 93' lang='lat' dir='ltr'><strong>duo</strong></span> <span class='ocrx_word' id='word_1_193' title='bbox 1466 1865 1608 1902; x_wconf 85' lang='lat' dir='ltr'><strong>genera</strong></span> 
     </span>
     <span class='ocr_line' id='line_1_25' title="bbox 185 1905 1610 1969; baseline 0.003 -16"><span class='ocrx_word' id='word_1_194' title='bbox 185 1915 362 1954; x_wconf 90' lang='lat' dir='ltr'><strong>codicum</strong></span> <span class='ocrx_word' id='word_1_195' title='bbox 389 1920 541 1955; x_wconf 88' lang='lat' dir='ltr'><strong>exstent</strong></span> <span class='ocrx_word' id='word_1_196' title='bbox 563 1905 686 1956; x_wconf 30' lang='lat' dir='ltr'><strong>&#39;necne</strong></span> <span class='ocrx_word' id='word_1_197' title='bbox 713 1917 894 1957; x_wconf 88' lang='lat' dir='ltr'><strong>absoluta</strong></span> <span class='ocrx_word' id='word_1_198' title='bbox 921 1918 1004 1967; x_wconf 89' lang='lat' dir='ltr'><strong>erit,</strong></span> <span class='ocrx_word' id='word_1_199' title='bbox 1043 1919 1161 1957; x_wconf 87' lang='lat' dir='ltr'><strong>etiam</strong></span> <span class='ocrx_word' id='word_1_200' title='bbox 1195 1919 1340 1968; x_wconf 86' lang='lat' dir='ltr'><strong>altera,</strong></span> <span class='ocrx_word' id='word_1_201' title='bbox 1372 1920 1451 1958; x_wconf 90' lang='lat' dir='ltr'><strong>utri</strong></span> <span class='ocrx_word' id='word_1_202' title='bbox 1479 1919 1610 1969; x_wconf 87' lang='lat' dir='ltr'><strong>palma</strong></span> 
     </span>
     <span class='ocr_line' id='line_1_26' title="bbox 185 1982 1611 2040; baseline 0.004 -20"><span class='ocrx_word' id='word_1_203' title='bbox 185 1982 315 2021; x_wconf 88' lang='lat' dir='ltr'><strong>danda</strong></span> <span class='ocrx_word' id='word_1_204' title='bbox 340 1985 403 2033; x_wconf 86' lang='lat' dir='ltr'><strong>sit,</strong></span> <span class='ocrx_word' id='word_1_205' title='bbox 433 1984 539 2023; x_wconf 85' lang='lat' dir='ltr'><strong>haud</strong></span> <span class='ocrx_word' id='word_1_206' title='bbox 567 1984 724 2024; x_wconf 88' lang='lat' dir='ltr'><strong>difficile</strong></span> <span class='ocrx_word' id='word_1_207' title='bbox 751 1986 955 2024; x_wconf 90' lang='lat' dir='ltr'><strong>dirimetur</strong></span> <span class='ocrx_word' id='word_1_208' title='bbox 976 1986 1094 2036; x_wconf 90' lang='lat' dir='ltr'><strong>idque</strong></span> <span class='ocrx_word' id='word_1_209' title='bbox 1121 1986 1283 2040; x_wconf 81' lang='lat' dir='ltr'><strong>efficiet,¹</strong></span> <span class='ocrx_word' id='word_1_210' title='bbox 1301 1991 1347 2025; x_wconf 90' lang='lat' dir='ltr'><strong>ut</strong></span> <span class='ocrx_word' id='word_1_211' title='bbox 1372 2000 1517 2038; x_wconf 83' lang='lat' dir='ltr'><strong>omnes,</strong></span> <span class='ocrx_word' id='word_1_212' title='bbox 1542 1988 1611 2037; x_wconf 88' lang='lat' dir='ltr'><strong>qui</strong></span> 
     </span>
     <span class='ocr_line' id='line_1_27' title="bbox 185 2050 1611 2110; baseline 0.004 -23"><span class='ocrx_word' id='word_1_213' title='bbox 185 2050 224 2088; x_wconf 92' lang='lat' dir='ltr'><strong>in</strong></span> <span class='ocrx_word' id='word_1_214' title='bbox 260 2051 334 2090; x_wconf 89' lang='lat' dir='ltr'><strong>hoc</strong></span> <span class='ocrx_word' id='word_1_215' title='bbox 370 2053 539 2110; x_wconf 82' lang='lat' dir='ltr'><strong>carmine</strong></span> <span class='ocrx_word' id='word_1_216' title='bbox 574 2066 731 2104; x_wconf 87' lang='lat' dir='ltr'><strong>operam</strong></span> <span class='ocrx_word' id='word_1_217' title='bbox 765 2057 930 2104; x_wconf 87' lang='lat' dir='ltr'><strong>ponent,</strong></span> <span class='ocrx_word' id='word_1_218' title='bbox 967 2067 1044 2092; x_wconf 91' lang='lat' dir='ltr'><strong>non</strong></span> <span class='ocrx_word' id='word_1_219' title='bbox 1071 2055 1150 2092; x_wconf 90' lang='lat' dir='ltr'><strong>iam</strong></span> <span class='ocrx_word' id='word_1_220' title='bbox 1177 2056 1278 2093; x_wconf 89' lang='lat' dir='ltr'><strong>inter</strong></span> <span class='ocrx_word' id='word_1_221' title='bbox 1313 2055 1384 2093; x_wconf 92' lang='lat' dir='ltr'><strong>hos</strong></span> <span class='ocrx_word' id='word_1_222' title='bbox 1410 2055 1490 2093; x_wconf 82' lang='lat' dir='ltr'><strong>sive</strong></span> <span class='ocrx_word' id='word_1_223' title='bbox 1523 2054 1611 2093; x_wconf 91' lang='lat' dir='ltr'><strong>illos</strong></span> 
     </span>
     <span class='ocr_line' id='line_1_28' title="bbox 185 2117 1611 2172; baseline 0.005 -17"><span class='ocrx_word' id='word_1_224' title='bbox 185 2117 305 2157; x_wconf 89' lang='lat' dir='ltr'><strong>libros</strong></span> <span class='ocrx_word' id='word_1_225' title='bbox 346 2120 541 2170; x_wconf 89' lang='lat' dir='ltr'><strong>eligendos</strong></span> <span class='ocrx_word' id='word_1_226' title='bbox 588 2121 825 2162; x_wconf 87' lang='lat' dir='ltr'><strong>fluotuentur</strong></span> <span class='ocrx_word' id='word_1_227' title='bbox 864 2123 1079 2172; x_wconf 89' lang='lat' dir='ltr'><strong>pedemque</strong></span> <span class='ocrx_word' id='word_1_228' title='bbox 1125 2121 1366 2161; x_wconf 88' lang='lat' dir='ltr'><strong>confidenter</strong></span> <span class='ocrx_word' id='word_1_229' title='bbox 1408 2123 1611 2172; x_wconf 89' lang='lat' dir='ltr'><strong>explorato</strong></span> 
     </span>
     <span class='ocr_line' id='line_1_29' title="bbox 186 2189 1612 2241; baseline 0.004 -17"><span class='ocrx_word' id='word_1_230' title='bbox 186 2189 283 2226; x_wconf 87' lang='lat' dir='ltr'><strong>artis</strong></span> <span class='ocrx_word' id='word_1_231' title='bbox 307 2189 464 2228; x_wconf 88' lang='lat' dir='ltr'><strong>criticae</strong></span> <span class='ocrx_word' id='word_1_232' title='bbox 501 2191 612 2241; x_wconf 87' lang='lat' dir='ltr'><strong>quasi</strong></span> <span class='ocrx_word' id='word_1_233' title='bbox 650 2191 732 2230; x_wconf 92' lang='lat' dir='ltr'><strong>solo</strong></span> <span class='ocrx_word' id='word_1_234' title='bbox 769 2204 815 2230; x_wconf 90' lang='lat' dir='ltr'><strong>ac</strong></span> <span class='ocrx_word' id='word_1_235' title='bbox 837 2191 1102 2230; x_wconf 71' lang='lat' dir='ltr'><strong>&#39;fundamento</strong></span> <span class='ocrx_word' id='word_1_236' title='bbox 1129 2191 1245 2241; x_wconf 87' lang='lat' dir='ltr'><strong>figere</strong></span> <span class='ocrx_word' id='word_1_237' title='bbox 1281 2191 1442 2241; x_wconf 87' lang='lat' dir='ltr'><strong>possint.</strong></span> <span class='ocrx_word' id='word_1_238' title='bbox 1496 2191 1612 2230; x_wconf 89' lang='lat' dir='ltr'><strong>Unde</strong></span> 
     </span>
     <span class='ocr_line' id='line_1_30' title="bbox 186 2259 1611 2309; baseline 0.004 -17"><span class='ocrx_word' id='word_1_239' title='bbox 186 2260 351 2304; x_wconf 87' lang='lat' dir='ltr'><strong>apparet</strong></span> <span class='ocrx_word' id='word_1_240' title='bbox 377 2260 677 2297; x_wconf 86' lang='lat' dir='ltr'><strong>controversiam</strong></span> <span class='ocrx_word' id='word_1_241' title='bbox 711 2259 868 2308; x_wconf 85' lang='lat' dir='ltr'><strong>dignam</strong></span> <span class='ocrx_word' id='word_1_242' title='bbox 893 2272 988 2308; x_wconf 91' lang='lat' dir='ltr'><strong>esse,</strong></span> <span class='ocrx_word' id='word_1_243' title='bbox 1023 2271 1125 2309; x_wconf 86' lang='lat' dir='ltr'><strong>quae</strong></span> <span class='ocrx_word' id='word_1_244' title='bbox 1152 2260 1373 2297; x_wconf 85' lang='lat' dir='ltr'><strong>accuratius</strong></span> <span class='ocrx_word' id='word_1_245' title='bbox 1405 2263 1611 2297; x_wconf 89' lang='lat' dir='ltr'><strong>tractetur.</strong></span> 
     </span>
     <span class='ocr_line' id='line_1_31' title="bbox 187 2320 1615 2377; baseline 0.003 -16"><span class='ocrx_word' id='word_1_246' title='bbox 187 2320 410 2364; x_wconf 85' lang='lat' dir='ltr'><strong>Sententiae</strong></span> <span class='ocrx_word' id='word_1_247' title='bbox 437 2329 569 2365; x_wconf 87' lang='lat' dir='ltr'><strong>autem</strong></span> <span class='ocrx_word' id='word_1_248' title='bbox 593 2340 752 2377; x_wconf 90' lang='lat' dir='ltr'><strong>prorsus</strong></span> <span class='ocrx_word' id='word_1_249' title='bbox 778 2328 881 2366; x_wconf 89' lang='lat' dir='ltr'><strong>inter</strong></span> <span class='ocrx_word' id='word_1_250' title='bbox 910 2340 950 2366; x_wconf 89' lang='lat' dir='ltr'><strong>se</strong></span> <span class='ocrx_word' id='word_1_251' title='bbox 976 2326 1234 2374; x_wconf 89' lang='lat' dir='ltr'><strong>discedentes,</strong></span> <span class='ocrx_word' id='word_1_252' title='bbox 1271 2339 1379 2376; x_wconf 89' lang='lat' dir='ltr'><strong>quas·</strong></span> <span class='ocrx_word' id='word_1_253' title='bbox 1403 2327 1476 2365; x_wconf 85' lang='lat' dir='ltr'><strong>viri</strong></span> <span class='ocrx_word' id='word_1_254' title='bbox 1506 2327 1615 2366; x_wconf 89' lang='lat' dir='ltr'><strong>docti</strong></span> 
     </span>
     <span class='ocr_line' id='line_1_32' title="bbox 186 2391 1612 2445; baseline 0.005 -17"><span class='ocrx_word' id='word_1_255' title='bbox 186 2391 444 2442; x_wconf 88' lang='lat' dir='ltr'><strong>protulerunt,</strong></span> <span class='ocrx_word' id='word_1_256' title='bbox 470 2394 606 2443; x_wconf 89' lang='lat' dir='ltr'><strong>paucis</strong></span> <span class='ocrx_word' id='word_1_257' title='bbox 633 2398 679 2433; x_wconf 90' lang='lat' dir='ltr'><strong>ut</strong></span> <span class='ocrx_word' id='word_1_258' title='bbox 705 2398 959 2445; x_wconf 85' lang='lat' dir='ltr'><strong>exponantur,</strong></span> <span class='ocrx_word' id='word_1_259' title='bbox 987 2394 1090 2433; x_wconf 87' lang='lat' dir='ltr'><strong>duae</strong></span> <span class='ocrx_word' id='word_1_260' title='bbox 1111 2394 1185 2433; x_wconf 88' lang='lat' dir='ltr'><strong>hae</strong></span> <span class='ocrx_word' id='word_1_261' title='bbox 1212 2398 1321 2433; x_wconf 87' lang='lat' dir='ltr'><strong>sunt:</strong></span> <span class='ocrx_word' id='word_1_262' title='bbox 1349 2395 1473 2434; x_wconf 87' lang='lat' dir='ltr'><strong>altera</strong></span> <span class='ocrx_word' id='word_1_263' title='bbox 1500 2396 1539 2434; x_wconf 92' lang='lat' dir='ltr'><strong>in</strong></span> <span class='ocrx_word' id='word_1_264' title='bbox 1567 2409 1612 2435; x_wconf 92' lang='lat' dir='ltr'><strong>eo</strong></span> 
     </span>
     <span class='ocr_line' id='line_1_33' title="bbox 186 2458 1613 2514; baseline 0.005 -17"><span class='ocrx_word' id='word_1_265' title='bbox 186 2458 315 2507; x_wconf 89' lang='lat' dir='ltr'><strong>posita</strong></span> <span class='ocrx_word' id='word_1_266' title='bbox 341 2464 412 2510; x_wconf 86' lang='lat' dir='ltr'><strong>est,</strong></span> <span class='ocrx_word' id='word_1_267' title='bbox 441 2462 547 2512; x_wconf 89' lang='lat' dir='ltr'><strong>quod</strong></span> <span class='ocrx_word' id='word_1_268' title='bbox 576 2476 708 2503; x_wconf 90' lang='lat' dir='ltr'><strong>omnes</strong></span> <span class='ocrx_word' id='word_1_269' title='bbox 736 2463 888 2503; x_wconf 88' lang='lat' dir='ltr'><strong>codices</strong></span> <span class='ocrx_word' id='word_1_270' title='bbox 916 2476 964 2502; x_wconf 89' lang='lat' dir='ltr'><strong>ex</strong></span> <span class='ocrx_word' id='word_1_271' title='bbox 991 2476 1068 2502; x_wconf 90' lang='lat' dir='ltr'><strong>uno</strong></span> <span class='ocrx_word' id='word_1_272' title='bbox 1098 2462 1309 2512; x_wconf 88' lang='lat' dir='ltr'><strong>archetypo</strong></span> <span class='ocrx_word' id='word_1_273' title='bbox 1338 2462 1494 2503; x_wconf 88' lang='lat' dir='ltr'><strong>fluxisse</strong></span> <span class='ocrx_word' id='word_1_274' title='bbox 1527 2478 1613 2514; x_wconf 91' lang='lat' dir='ltr'><strong>pro-</strong></span> 
     </span>
     <span class='ocr_line' id='line_1_34' title="bbox 187 2526 1613 2581; baseline 0.005 -17"><span class='ocrx_word' id='word_1_275' title='bbox 187 2526 408 2579; x_wconf 89' lang='lat' dir='ltr'><strong>miscueque</strong></span> <span class='ocrx_word' id='word_1_276' title='bbox 441 2532 654 2580; x_wconf 87' lang='lat' dir='ltr'><strong>scripturas</strong></span> <span class='ocrx_word' id='word_1_277' title='bbox 689 2535 729 2571; x_wconf 91' lang='lat' dir='ltr'><strong>et</strong></span> <span class='ocrx_word' id='word_1_278' title='bbox 762 2532 886 2571; x_wconf 89' lang='lat' dir='ltr'><strong>bonas</strong></span> <span class='ocrx_word' id='word_1_279' title='bbox 923 2535 962 2570; x_wconf 86' lang='lat' dir='ltr'><strong>et</strong></span> <span class='ocrx_word' id='word_1_280' title='bbox 996 2543 1137 2581; x_wconf 79' lang='lat' dir='ltr'><strong>pravas</strong></span> <span class='ocrx_word' id='word_1_281' title='bbox 1173 2530 1358 2581; x_wconf 90' lang='lat' dir='ltr'><strong>praebere</strong></span> <span class='ocrx_word' id='word_1_282' title='bbox 1391 2531 1416 2570; x_wconf 88' lang='lat' dir='ltr'><strong>i.</strong></span> <span class='ocrx_word' id='word_1_283' title='bbox 1445 2544 1477 2570; x_wconf 88' lang='lat' dir='ltr'><strong>e.</strong></span> <span class='ocrx_word' id='word_1_284' title='bbox 1515 2533 1613 2571; x_wconf 90' lang='lat' dir='ltr'><strong>alios</strong></span> 
     </span>
     <span class='ocr_line' id='line_1_35' title="bbox 187 2593 1612 2649; baseline 0.006 -18"><span class='ocrx_word' id='word_1_285' title='bbox 187 2593 273 2633; x_wconf 89' lang='lat' dir='ltr'><strong>aliis</strong></span> <span class='ocrx_word' id='word_1_286' title='bbox 311 2595 406 2639; x_wconf 89' lang='lat' dir='ltr'><strong>locis</strong></span> <span class='ocrx_word' id='word_1_287' title='bbox 441 2597 682 2638; x_wconf 88' lang='lat' dir='ltr'><strong>adhibendos</strong></span> <span class='ocrx_word' id='word_1_288' title='bbox 717 2613 842 2649; x_wconf 90' lang='lat' dir='ltr'><strong>neque</strong></span> <span class='ocrx_word' id='word_1_289' title='bbox 868 2612 988 2638; x_wconf 90' lang='lat' dir='ltr'><strong>unum</strong></span> <span class='ocrx_word' id='word_1_290' title='bbox 1015 2598 1313 2648; x_wconf 75' lang='lat' dir='ltr'><strong>praeferendum</strong></span> <span class='ocrx_word' id='word_1_291' title='bbox 1346 2612 1429 2638; x_wconf 85' lang='lat' dir='ltr'><strong>esse</strong></span> <span class='ocrx_word' id='word_1_292' title='bbox 1460 2604 1612 2648; x_wconf 86' lang='lat' dir='ltr'><strong>putant.</strong></span> 
     </span>
    </p>
   </div>
   <div class='ocr_carea' id='block_1_3' title="bbox 187 2658 1613 2762">
    <p class='ocr_par' dir='ltr' id='par_1_6' title="bbox 187 2658 1613 2762">
     <span class='ocr_line' id='line_1_36' title="bbox 187 2658 1613 2716; baseline 0.006 -18"><span class='ocrx_word' id='word_1_293' title='bbox 187 2658 345 2700; x_wconf 88' lang='lat' dir='ltr'><strong>Etenim</strong></span> <span class='ocrx_word' id='word_1_294' title='bbox 369 2677 470 2714; x_wconf 89' lang='lat' dir='ltr'><strong>quae</strong></span> <span class='ocrx_word' id='word_1_295' title='bbox 498 2665 600 2705; x_wconf 89' lang='lat' dir='ltr'><strong>ratio</strong></span> <span class='ocrx_word' id='word_1_296' title='bbox 627 2666 729 2706; x_wconf 89' lang='lat' dir='ltr'><strong>inter</strong></span> <span class='ocrx_word' id='word_1_297' title='bbox 754 2665 926 2716; x_wconf 88' lang='lat' dir='ltr'><strong>singulos</strong></span> <span class='ocrx_word' id='word_1_298' title='bbox 949 2665 1208 2705; x_wconf 88' lang='lat' dir='ltr'><strong>intercederet</strong></span> <span class='ocrx_word' id='word_1_299' title='bbox 1237 2666 1417 2705; x_wconf 88' lang='lat' dir='ltr'><strong>distincte</strong></span> <span class='ocrx_word' id='word_1_300' title='bbox 1445 2670 1484 2705; x_wconf 87' lang='lat' dir='ltr'><strong>et</strong></span> <span class='ocrx_word' id='word_1_301' title='bbox 1510 2666 1613 2706; x_wconf 88' lang='lat' dir='ltr'><strong>clare</strong></span> 
     </span>
     <span class='ocr_line' id='line_1_37' title="bbox 1391 2729 1427 2762; baseline 0 -15"><span class='ocrx_word' id='word_1_302' title='bbox 1391 2729 1427 2762; x_wconf 70' lang='lat'><strong>1*</strong></span> 
     </span>
    </p>
   </div>
  </div>
 </body>
</html>
