1988 2992
871 219 1106 256 „4-

271 321 397 361 critici
413 335 492 362 non
510 324 787 373 exposuerunt,
810 322 985 373 plerique
1002 321 1199 363 Vossiano
1218 334 1402 373 magnam
1425 320 1702 362 auctoritatem

270 403 316 428 ac
352 389 469 428 fidem
502 389 747 438 habuerunt,
784 403 872 428 011111
910 403 1044 428 01111108
1084 393 1282 440 quotquot
1321 390 1513 429 habemus
1554 388 1703 429 Culicis

268 456 389 494 libros
413 456 527 495 foede
552 457 807 507 interpolatos
828 469 911 495 esse
928 461 1146 496 censerent:
1176 458 1231 496 810
1247 456 1439 507 Heynius,
1464 456 1701 507 Wagnerus,

269 523 455 573 Silligius,
484 537 563 574 quo
586 524 741 562 vinculo
768 524 870 562 inter
895 538 936 563 se
959 526 1156 563 coniuncti
1183 526 1272 574 sint,
1299 537 1376 563 non
1404 527 1638 563 curaverunt
1662 526 1702 561 et

268 591 326 628 illi
361 591 461 630 libro
497 595 653 630 tantam
688 593 765 630 vim
800 592 1041 642 tribuerunt,
1081 596 1128 631 ut
1170 592 1383 641 scripturas
1423 592 1507 630 eius
1544 587 1624 630 sive
1660 592 1701 629 in

267 661 420 695 textum
446 659 663 707 reciperent
689 659 769 696 sive
795 658 842 695 iis
868 658 961 696 solis
980 659 1106 696 adiuti
1126 659 1246 697 verba
1263 658 1412 697 tradita
1436 659 1700 697 emendarent.

269 724 512 763 Ribbeckius
539 727 676 762 contra
702 724 766 763 via
791 737 837 763 ac
863 725 1016 763 ratione
1042 725 1239 774 ingressus
1265 724 1339 763 11οο
1362 725 1551 764 111(110111111
1577 725 1701 763 multo

267 791 392 840 magis
412 792 625 840 restrinxit,
643 804 732 829 cum
751 791 847 840 quid
871 793 1032 830 sentiret
1049 792 1110 830 his
1128 792 1256 830 verbis
1274 796 1510 842 proponeret
1523 793 1554 840 1)
1577 792 1702 840 „unde

268 861 336 905 (80.
363 871 410 896 ex
437 859 664 908 archetypo)
691 872 779 897 cum
805 863 939 897 nostra
957 858 1194 908 exemplaria
1215 860 1344 897 omnia
1362 860 1489 898 varias
1506 872 1577 910 per
1600 860 1702 898 vices

269 925 467 976 descripta
504 927 602 975 sint,
639 929 678 965 et
711 928 819 965 vario
853 927 969 965 modo
1006 925 1068 964 hic
1102 925 1220 964 modo
1256 926 1336 964 11110
1371 939 1558 965 consensu
1592 927 1701 965 varia

265 993 373 1031 vides
397 994 579 1043 coniungi
606 1006 677 1032 nec
702 993 827 1033 ullum
862 993 942 1032 fere
969 997 1039 1032 aut
1073 994 1176 1032 vitiis
1213 995 1293 1032 suis
1331 994 1591 1044 peculiaribus
1633 997 1702 1032 aut

265 1060 474 1099 virtutibus
511 1061 746 1110 quibusdam
777 1073 922 1099 carere.
986 1061 1065 1100 Sed
1100 1061 1233 1110 paullo
1270 1062 1424 1110 saepius
1460 1074 1579 1110 quam
1613 1073 1702 1099 cum

266 1127 352 1164 aliis
378 1128 480 1165 inter
507 1140 547 1166 se
573 1132 789 1178 congruunt
814 1128 864 1166 ab
891 1128 1014 1166 altera
1039 1131 1151 1178 parte
1173 1127 1254 1167 BC
1271 1157 1280 1166 .
1297 1157 1306 1166 .
1326 1157 1356 1177 .,
1384 1128 1435 1166 ab
1455 1127 1638 1166 altera-H
1648 1126 1700 1176 V,

265 1196 333 1244 qui
368 1197 442 1246 ipsi
477 1209 632 1246 quoque
668 1197 799 1246 paullo
835 1198 959 1246 magis
994 1209 1113 1245 quam
1148 1196 1205 1234 illi
1240 1196 1603 1246 interpolationibus
1640 1195 1701 1234 vel

264 1264 393 1311 pravis
419 1264 649 1301 coniecturis
674 1264 867 1312 inquinati
893 1266 994 1312 sunt,
1023 1276 1260 1313 quamquam
1285 1275 1411 1313 neque
1427 1263 1583 1301 illorum
1599 1263 1701 1301 ullus

263 1331 445 1370 immunis
470 1331 586 1370 huius
612 1330 712 1370 labis
738 1334 797 1369 est
822 1343 896 1370 nec
922 1331 1061 1370 horum
1084 1344 1157 1381 ope
1186 1331 1238 1370 ad
1257 1331 1526 1381 corrigendum
1551 1335 1702 1370 textum

264 1400 388 1436 careri
424 1402 574 1448 potest“
595 1428 735 1437 ......
747 1428 756 1447 ,
772 1398 803 1446 ²)
830 1402 949 1447 atque
976 1399 1147 1437 eiusdem
1173 1398 1357 1439 Vossiani
1388 1400 1511 1437 virtus
1547 1403 1701 1449 praeter

264 1479 298 1505 v.
327 1468 362 1515 5,
401 1469 488 1516 193,
523 1469 612 1516 210,
641 1469 730 1516 236,
764 1468 852 1515 249,
884 1469 972 1516 265,
1009 1468 1098 1516 340,
1135 1468 1224 1516 343,
1265 1469 1340 1506 399
1367 1468 1534 1506 maxime
1560 1480 1595 1505 v.
1623 1469 1699 1506 332

264 1536 406 1572 eminet
422 1564 562 1573 ......
568 1538 586 1556 “
627 1533 827 1584 Hauptius
853 1533 1087 1573 Bembinum
1113 1538 1153 1573 et
1181 1533 1541 1585 Cantabrigiensem
1566 1538 1701 1585 utpote

263 1603 430 1652 optimos
453 1602 579 1641 fontes
595 1606 634 1641 et
656 1602 925 1651 integerrimos
944 1605 1099 1640 secutus
1117 1605 1268 1640 textum
1285 1603 1528 1641 constituisse
1543 1602 1701 1643 Vossia-

264 1683 434 1720 numque
458 1671 681 1720 saepissime
707 1670 883 1708 reiecisse
910 1669 1073 1708 videtur.
1119 1669 1187 1708 Ab
1207 1670 1267 1708 his
1286 1671 1377 1709 viris
1394 1670 1519 1709 doctis
1544 1683 1700 1721 prorsus

264 1738 432 1776 alienam
459 1739 690 1776 sententiam
719 1736 753 1775 I.
783 1737 1000 1777 Schradero
1029 1741 1187 1775 auctore
1211 1739 1373 1787 protulit
1400 1738 1476 1777 Ae.
1503 1738 1700 1776 Baehren-

263 1806 353 1853 sius,
382 1806 450 1855 qui
472 1805 521 1843 de
543 1806 706 1853 ratione,
736 1817 836 1854 quae
854 1806 957 1842 inter
980 1804 1149 1853 singulos
1172 1804 1291 1843 libros
1318 1805 1585 1854 intercederet,
1605 1805 1700 1844 haec

263 1872 344 1911 fere
371 1874 624 1922 excogitavit:
663 1872 723 1924 „³)
731 1885 779 1910 ex
809 1872 1031 1921 archetypo,
1069 1872 1174 1921 quod
1201 1874 1334 1922 primis
1361 1873 1479 1912 medii
1503 1874 1588 1911 aevi
1620 1885 1700 1911 sae-

263 1941 360 1979 culis
396 1940 543 1979 factum
580 1943 658 1989 est,
700 1939 778 1978 duo
811 1939 1037 1990 apographa
1075 1941 1154 1978 iam
1189 1941 1403 1991 antiquitus
1435 1942 1698 1989 manaverant,

263 2023 430 2060 quorum
465 2010 517 2049 ad
550 2010 716 2048 alterum
750 2008 917 2047 fideliter
944 2021 1166 2058 expressum
1193 2007 1419 2058 Vossianus,
1456 2008 1506 2047 ad
1535 2009 1700 2048 alterum

262 2079 314 2116 ab
335 2078 491 2116 homine
517 2077 688 2126 quodam
723 2079 805 2114 tam
839 2076 1100 2125 negligenter,
1135 2079 1179 2114 ut
1205 2076 1373 2125 plurima
1404 2075 1546 2114 menda
1573 2088 1700 2125 asper-

262 2150 464 2197 gerentur,
499 2145 737 2195 descriptum
771 2145 889 2184 ceteri
925 2157 1056 2183 omnes
1082 2142 1312 2193 referuntur,
1352 2143 1420 2184 sed
1455 2145 1512 2183 ita
1537 2148 1582 2184 ut
1609 2144 1700 2184 huic

262 2214 488 2264 apographo
516 2217 697 2262 corrupto
724 2213 824 2250 alter
852 2212 967 2250 huius
994 2212 1079 2250 aevi
1104 2212 1219 2250 homo
1243 2224 1356 2249 curas
1390 2212 1603 2260 applicasse
1630 2213 1701 2250 cri-

261 2283 359 2321 ticas
388 2295 464 2321 non
490 2282 632 2321 collato
670 2279 893 2330 exemplari,
931 2278 1036 2329 quod
1072 2279 1229 2318 iamiam
1265 2280 1431 2329 evanuit,
1468 2283 1587 2329 atque
1621 2280 1700 2318 suis

261 2351 409 2388 innisus
444 2349 590 2388 viribus
619 2348 770 2386 foedius
802 2348 1056 2396 interpolasse
1087 2347 1282 2397 putandus
1318 2348 1380 2385 sit.
1434 2346 1595 2397 Duplici
1626 2348 1699 2386 hoc

261 2414 355 2451 vitio
392 2416 431 2451 et
467 2412 744 2463 depravatione
770 2416 918 2465 ingenti
951 2418 990 2454 et
1025 2427 1155 2454 crassa
1188 2415 1485 2465 interpolatione
1520 2415 1700 2455 laborant

261 2481 412 2519 codices
439 2481 606 2530 plurimi,
636 2484 703 2531 qui
730 2496 754 2520 a
776 2487 949 2521 correcto
976 2483 1044 2520 illo
1071 2483 1296 2532 apographo
1314 2496 1383 2532 per
1405 2483 1532 2521 varios
1556 2481 1699 2531 gradus

347 2627 373 2668 ¹)
395 2627 418 2659 l.
441 2627 463 2659 l.
485 2638 518 2668 p.
540 2629 592 2660 40.
638 2627 665 2670 ²)
687 2639 720 2669 p.
742 2629 794 2660 41.
840 2628 867 2670 ³)
889 2639 921 2669 p.
945 2629 974 2660 9.
