1988 2992
956 209 1189 250 „2-

354 314 527 366 quadam
561 315 905 355 verisimilitudinis
941 317 981 354 in
1018 316 1227 367 pristinam
1265 306 1528 369 integritatem
1568 316 1785 367 restituere,

352 387 397 422 ut
424 395 705 433 nonnunquam
733 383 781 423 de
804 383 878 423 hoc
905 379 1040 424 labore
1067 383 1354 437 desperandum
1380 397 1465 425 esse
1483 384 1674 434 videatur,
1698 396 1786 424 cum

353 463 431 489 non
456 450 582 490 solum
609 450 833 491 condicione
865 451 1061 502 codicum,
1103 451 1172 492 sed
1205 451 1323 493 etiam
1354 452 1503 493 incerta
1535 451 1683 502 origine
1710 451 1787 492 exi-

351 529 507 566 guoque
534 530 720 558 versuum
756 530 919 557 numero
955 518 1206 558 difficultates
1242 520 1385 558 mirum
1421 521 1612 570 quantum
1647 514 1785 558 auctae

352 584 442 624 sint.
497 584 714 637 Propterea
739 586 780 625 in
803 586 909 625 nullo
938 586 1016 625 alio
1043 586 1123 626 fere
1158 588 1283 638 magis
1310 601 1429 638 quam
1463 588 1504 626 in
1539 588 1613 626 hoc
1639 588 1681 626 id
1709 587 1786 626 ela-
1822 579 1826 582 ⁶

351 653 573 692 horandum
600 658 670 704 est,
709 658 754 693 ut
787 655 940 705 singula
966 655 1085 695 verba
1119 668 1270 695 summa
1305 655 1485 695 cautione
1517 654 1696 695 adhibita
1723 667 1785 694 cx·
1826 662 1829 666 '

350 722 544 760 cutiamus
578 726 618 761 et
643 725 833 773 quantum
862 735 1069 774 possumus
1095 726 1202 762 recta
1228 724 1477 771 retineamus,
1508 722 1608 763 falsa
1642 723 1785 763 abicia-

349 802 436 829 mus
465 803 560 830 neve
596 791 717 829 nimia
751 791 939 830 acuminis
966 790 1110 842 fiducia
1136 794 1275 842 poetae
1302 791 1421 831 verba
1449 791 1577 832 studio
1611 791 1785 842 quodam

350 858 567 908 corrigendi
600 858 797 898 interdum
835 859 1113 909 depravemu83
1150 860 1244 910 quin
1280 860 1398 898 etiam
1430 860 1565 911 paucis
1601 861 1784 913 nimirum

349 925 445 964 locis
472 926 580 965 haud
606 938 769 977 peccare
796 926 1025 976 videbimur,
1060 926 1092 965 si
1128 927 1309 966 carminis
1343 927 1496 966 auctori
1522 927 1782 966 elocutionem

351 993 552 1043 quandam
570 993 890 1045 condonabimus,
916 1001 1035 1045 quam
1058 994 1091 1034 si
1109 994 1215 1046 apud
1234 994 1355 1035 alium
1381 983 1656 1045 inveniremus,
1676 994 1783 1035 haud

349 1061 468 1102 dubie
486 1061 812 1102 abiudicaremus.
856 1061 1050 1102 Intricata
1066 1062 1187 1113 igitur
1205 1066 1245 1102 et
1268 1062 1394 1102 ardua
1414 1076 1477 1103 ars
1499 1062 1646 1113 critica,
1669 1074 1799 1114 quae,

348 1143 437 1169 cum
461 1143 539 1169 non
565 1143 719 1181 semper
745 1131 856 1171 firmo
884 1130 1137 1170 fundamento
1163 1131 1324 1181 nitatur,
1351 1131 1399 1171 de
1424 1132 1558 1186 multis
1584 1131 1680 1169 locis
1706 1138 1783 1169 non

348 1199 442 1237 satis
470 1198 636 1238 fidenter
663 1199 835 1238 iudicare
863 1202 1008 1250 potest,
1044 1201 1083 1237 in
1117 1199 1314 1238 codicibus
1349 1212 1427 1239 non
1454 1200 1600 1253 paucis,
1638 1198 1720 1238 sed·
1733 1198 1791 1237 iis'

348 1267 475 1318 posita
502 1270 574 1317 est,
604 1279 771 1318 quorum
799 1266 971 1306 omnium
990 1267 1070 1306 fere
1089 1266 1243 1307 duobus
1269 1267 1439 1319 exceptis
1455 1266 1487 1319 ¹)
1518 1266 1574 1317 „si
1601 1279 1625 1306 a
1651 1266 1781 1317 parvis

346 1335 450 1374 vitiis
481 1335 726 1385 singulorum
752 1335 921 1385 propriis
948 1339 1018 1374 aut
1045 1348 1144 1374 nova
1177 1336 1216 1374 in
1254 1335 1535 1374 recentioribus
1571 1333 1781 1385 interpola-

344 1403 450 1443 tione
475 1403 655 1453 recedas,
691 1406 806 1442 tanta
834 1406 893 1442 est
919 1404 1148 1453 concordia,
1184 1417 1298 1446 ovum
1328 1407 1373 1442 ut
1400 1416 1472 1442 ovo
1501 1406 1671 1454 nequeat
1697 1415 1781 1442 esse

345 1471 546 1511 similius.“
603 1471 688 1510 Nos
710 1475 853 1521 poetae
873 1485 1031 1522 operam
1056 1476 1243 1511 navantes
1270 1474 1439 1511 maxime
1464 1474 1651 1522 quattuor
1672 1471 1781 1510 adiu-

346 1544 439 1579 vant
463 1539 692 1589 Bembinus,
717 1538 1064 1590 Cantabrigiensis,
1083 1538 1314 1590 Vossianus,
1332 1538 1672 1589 Helmstadiensis,
1698 1538 1781 1590 qui-

346 1609 419 1648 bus
449 1609 483 1647 si
509 1608 603 1647 velis
629 1609 812 1648 Parisina
839 1611 1023 1658 excerpta
1047 1608 1206 1647 adicias.

450 1674 497 1725 B,
524 1675 742 1717 Vaticanus
761 1675 839 1714 sive
858 1675 1074 1714 Bembinus
1101 1689 1151 1715 no
1175 1678 1278 1716 3252
1303 1689 1403 1715 saec.
1422 1675 1494 1715 IX
1520 1676 1560 1714 in
1585 1675 1780 1726 scriptura

344 1744 635 1794 langobardica,
664 1757 766 1783 anno
796 1746 898 1783 1864
924 1757 949 1782 a
977 1743 1122 1785 Carolo
1149 1744 1469 1795 Zangemeistero
1490 1744 1779 1782 accuratissime

345 1812 512 1851 collatus
537 1815 609 1861 est,
636 1825 715 1862 qua
740 1811 946 1850 collatione
968 1812 1209 1852 Ribbeckius
1237 1816 1275 1852 et
1299 1811 1565 1851 Baehrensius
1591 1811 1652 1851 usi
1674 1814 1778 1851 sunt.

450 1885 493 1935 G,
518 1884 852 1934 Cantabrigiensis
877 1897 927 1925 no
947 1886 1048 1924 2076
1077 1897 1177 1924 saec.
1196 1883 1366 1923 X—XI
1379 1884 1410 1932 2)
1439 1883 1778 1932 „membranaceus

343 1953 485 1992 litteris
512 1952 725 1992 admodum
747 1952 962 2002 perspicuis
986 1965 1064 1991 non
1091 1950 1274 1990 continua
1309 1951 1529 2001 scriptione,
1565 1951 1633 1990 sed
1668 1964 1779 1990 accu-

342 2021 539 2061 ratissime
572 2021 801 2072 plerumque
839 2020 972 2059 divisis
1008 2019 1137 2059 verbis
1173 2019 1335 2070 singulis
1373 2019 1447 2058 nisi
1483 2019 1590 2070 quod
1603 2019 1779 2075 ‘voculae

344 2089 552 2140 quaedam,
575 2089 883 2140 praepositiones
912 2088 1081 2127 maxime
1108 2092 1147 2127 et
1173 2087 1390 2138 particulae
1410 2083 1549 2127 'vicinis
1577 2087 1777 2128 vocabulis

344 2158 554 2198 adiunctae
578 2161 707 2197 sunt.“
763 2157 851 2197 Hos
878 2157 977 2196 duos
1004 2157 1156 2196 codices
1189 2170 1237 2196 ex
1272 2169 1350 2195 uno
1378 2157 1590 2208 archetypo
1617 2156 1778 2197 fluxisse

331 2227 404 2266 ,vel
440 2227 567 2266 obiter
603 2226 770 2265 intuenti
803 2225 1006 2275 utriusque
1037 2226 1131 2265 vitia
1163 2228 1347 2276 apparet,
1385 2224 1490 2275 quod
1520 2219 1680 2275 semper*
1697 2223 1777 2264 fere

342 2295 549 2335 levissimis
572 2294 724 2333 mendis
758 2294 948 2344 exceptis,
986 2281 1087 2344 quae
1115 2293 1264 2333 scribae
1300 2299 1429 2333 errore
1462 2293 1667 2332 commissa
1694 2305 1777 2331 esse

344 2363 537 2412 videntur,
562 2362 666 2407 inter
692 2375 734 2402 se
761 2363 999 2412 conspirant.
1054 2361 1139 2401 Nec
1165 2361 1332 2400 multum

447 2430 631 2470 Parisina
657 2434 860 2481 excerpta,
898 2443 999 2481 quae
1030 2442 1130 2469 saec.
1156 2427 1422 2468 XH-XIII
1451 2427 1689 2476 tribuuntur,
1725 2426 1777 2466 ab

429 2589 455 2630 ¹)
478 2590 600 2630 poetae
621 2587 721 2620 latini
742 2587 890 2619 minores
912 2586 989 2618 edd.
1013 2585 1239 2618 Baehrensius
1261 2584 1328 2617 vol.
1350 2583 1391 2616 Π
1412 2582 1519 2624 praef.
1542 2593 1577 2622 p.
1599 2582 1650 2613 13.

427 2640 455 2682 ⁹)
478 2639 653 2682 appendix
674 2638 877 2681 Vergiliana
899 2637 975 2671 edd.
998 2636 1208 2680 Ribbeckius
1229 2634 1335 2677 praef.
1358 2646 1391 2677 p.
1413 2635 1464 2668 35.
