1988 2992
890 236 1152 272 -33-

296 338 348 377 ad
383 338 513 377 locum
540 338 805 378 Baehrensius
818 338 851 390 1)
886 338 985 377 haec
1018 337 1242 378 annotavit:
1284 340 1351 386 „at
1385 337 1488 377 idem
1523 336 1593 389 (sc.
1620 336 1736 375 inter-

296 404 469 457 polator)
497 418 532 444 v.
554 407 630 445 332
659 418 748 444 cum
773 405 963 443 inveniret
992 404 1174 453 „ranolea
1196 403 1425 455 charybdis“
1457 404 1531 457 (sic
1552 403 1603 454 V,
1630 403 1736 454 quod

296 473 466 523 palmari
494 472 763 513 emendatione
791 473 831 512 in
862 472 1105 522 „Zanclaea“
1138 470 1294 512 refinxit
1321 471 1595 523 Schraderus),
1621 471 1738 511 inter-

296 540 446 591 polavit
462 540 503 579 in
527 540 763 589 „metuenda
788 540 1060 590 charybdis“.“
1100 538 1215 590 Quae
1235 553 1328 579 num
1345 543 1450 579 recte
1467 540 1735 590 disputaverit,

296 609 383 648 iure
408 607 629 657 dubitabit,
666 608 736 658 qui
763 607 937 658 singulas
966 607 1157 647 librorum
1184 607 1467 658 discrepantias
1498 606 1738 658 perspexerit

298 680 339 716 et
363 676 603 716 Bembinum
632 675 1076 726 Cantabrigiensemque
1104 675 1329 725 saepissime
1355 667 1550 725 mutilata,
1578 675 1737 716 Vossia-

297 757 393 783 num
419 744 606 783 restituta
631 743 763 793 verba,
788 744 875 783 illos
894 757 951 794 ea,
979 756 1080 794 quae
1100 746 1171 783 aut
1190 746 1296 782 recte
1314 746 1421 782 stant
1438 746 1510 782 aut
1529 743 1736 793 genuinam

296 812 503 851 lectionem
538 815 674 861 aperte
705 812 914 861 praebent,
953 812 1077 860 hunc,
1115 823 1229 860 quae,
1258 812 1437 860 quamvis
1464 824 1533 861 per
1567 823 1607 849 se
1632 811 1736 849 bona

297 879 387 929 sint,
412 881 544 918 tamen
571 890 706 918 revera
731 878 936 918 abicienda
961 882 1072 929 sunt,
1111 878 1292 918 exhibere
1325 878 1529 930 multaque
1555 878 1634 919 alia
1659 890 1736 918 me-

297 946 464 986 minerit.
528 947 700 986 Tantum
738 945 830 986 vero
867 947 998 996 abest,
1040 950 1086 985 ut
1120 947 1222 986 hanc
1255 946 1531 996 differentiam,
1567 948 1630 986 cui
1666 947 1735 986 illa

298 1027 333 1053 v.
362 1015 438 1052 312
465 1013 541 1053 Ida
567 1026 639 1064 pro
665 1013 801 1065 Daque
827 1014 994 1053 fortasse
1026 1015 1128 1053 iuste
1164 1013 1344 1064 additur,
1378 1014 1524 1053 nullius
1550 1013 1737 1053 momenti

298 1093 380 1120 esse
404 1085 552 1131 putem,
592 1084 638 1120 ut
672 1084 809 1120 contra
840 1081 953 1120 valde
980 1081 1273 1121 memorabilem
1300 1081 1441 1121 ducam
1477 1084 1516 1120 et
1553 1081 1635 1120 eius
1663 1081 1736 1120 ori-

297 1148 427 1199 ginem
462 1161 524 1188 me
557 1161 635 1188 non
673 1149 768 1188 satis
805 1149 1021 1200 intelligere
1057 1149 1277 1189 concedam.
1342 1149 1420 1190 Sed
1455 1149 1497 1189 id
1535 1162 1735 1200 nunquam

297 1217 692 1268 praetermittendum
706 1220 765 1256 est
776 1217 984 1257 nonnullas
999 1230 1158 1267 prorsus
1174 1218 1344 1257 diversas
1357 1217 1541 1257 lectiones
1551 1217 1736 1259 Vossiani

299 1284 404 1334 omni
429 1284 602 1325 dilucida
631 1285 834 1325 varietatis
869 1297 988 1325 causa
1020 1297 1152 1324 carere
1185 1297 1256 1324 nec
1290 1288 1423 1325 tamen
1454 1284 1505 1324 ad
1538 1284 1736 1325 meliorem

297 1352 445 1391 fontem
472 1355 647 1393 revocari
669 1353 798 1403 licere,
827 1366 916 1392 cum
941 1366 1007 1392 eas
1034 1352 1153 1392 falsas
1182 1366 1264 1392 esse
1288 1357 1468 1403 apertum
1494 1353 1557 1392 sit.
1612 1352 1735 1403 Prop-

297 1423 407 1459 terea
431 1421 599 1460 multum
624 1421 787 1469 haereo,
825 1420 921 1469 quid
948 1420 1040 1459 huic
1066 1420 1369 1470 discrepantiae,
1406 1433 1506 1469 quae
1539 1420 1623 1459 sola
1655 1420 1735 1459 fere

299 1487 395 1526 mihi
420 1487 607 1538 ambigua
632 1491 704 1538 est,
732 1487 887 1537 faciam,
915 1499 1041 1537 neque
1068 1500 1113 1527 eo
1140 1487 1255 1527 facile
1281 1488 1468 1537 adducor,
1505 1491 1551 1526 ut
1577 1491 1737 1538 propter

297 1567 417 1593 unam
453 1555 711 1605 scripturam,
750 1555 791 1593 in
829 1568 908 1604 qua
934 1556 1063 1595 nescio
1092 1568 1143 1594 an
1170 1556 1389 1606 quidquam
1414 1556 1494 1595 veri
1521 1555 1734 1605 delitescat,

298 1622 485 1664 Vossiani
519 1624 805 1673 praestantiam
841 1627 1030 1674 statuam,
1068 1637 1156 1664 cum
1194 1624 1388 1674 plurimae
1419 1637 1565 1674 pravae
1593 1624 1736 1675 opponi

298 1691 460 1740 possint.
516 1691 585 1729 Ita
620 1690 685 1740 fit,
729 1694 771 1730 ut
806 1691 1013 1731 Schraderi
1050 1692 1332 1741 coniecturam,
1370 1704 1473 1741 quae
1508 1704 1555 1730 ex
1595 1692 1735 1731 litteris

298 1758 454 1797 ranolea
480 1759 627 1808 optime
654 1757 793 1798 effecta
823 1762 883 1798 est
912 1763 952 1799 et
980 1772 1099 1809 quam
1128 1772 1261 1799 omnes
1289 1758 1456 1798 editores
1484 1759 1607 1798 secuti
1633 1762 1734 1808 sunt,

299 1826 483 1876 amplecti
509 1838 655 1875 verear,
686 1826 931 1883 maximeque
956 1827 1007 1865 ad
1033 1827 1134 1866 hanc
1161 1827 1446 1866 dubitationem
1471 1839 1618 1876 pronus
1636 1839 1734 1875 sum,

299 1892 405 1943 quod
420 1892 571 1932 nullum
584 1893 693 1933 aliud
708 1894 928 1945 exemplum
943 1897 1085 1945 exstat,
1113 1908 1191 1945 quo
1205 1894 1515 1945 interpolationis
1529 1893 1735 1944 vestigium

298 1964 340 2002 in
357 1962 553 2001 Bembino
581 1965 620 2001 et
648 1961 963 2012 Cantabrigiensi
982 1962 1309 2013 deprehendatur,
1337 1976 1426 2002 cum
1445 1974 1531 2002 eam
1550 1963 1677 2013 ipsam
1694 1962 1734 2001 in

299 2031 425 2070 altero
453 2030 586 2070 codice
615 2030 839 2081 saepissime
866 2030 1030 2069 inveniri
1057 2034 1097 2070 et
1119 2030 1159 2069 in
1177 2034 1361 2081 promptu
1385 2030 1436 2070 sit
1462 2033 1502 2070 et
1528 2031 1608 2070 iam
1635 2043 1734 2070 com·
1811 2029 1813 2032 ’

298 2099 485 2150 probasse
518 2098 614 2137 mihi
645 2098 793 2137 videar.
848 2097 965 2148 Quod
996 2099 1072 2137 nisi
1105 2101 1217 2148 esset,
1253 2098 1349 2148 quid
1384 2098 1433 2137 de
1469 2098 1649 2138 omnibus
1687 2100 1735 2138 iis

297 2167 394 2207 locis
418 2166 625 2215 Vossiani,
662 2166 732 2216 qui
766 2169 873 2206 reeta
899 2166 1018 2206 verba
1053 2179 1124 2206 nec
1157 2167 1283 2206 minus
1309 2180 1470 2217 pravam
1499 2167 1735 2217 scripturam

300 2233 505 2283 exhibent,
541 2232 831 2273 iudicaremus?
872 2237 978 2273 certe
1014 2237 1098 2273 tum
1134 2233 1285 2273 nuHum
1320 2234 1428 2273 aliud
1454 2234 1648 2285 refugium
1676 2239 1735 2274 est

299 2302 373 2341 nisi
410 2301 516 2352 quod
559 2304 599 2340 et
629 2300 866 2341 Bembinum
903 2301 1342 2352 Cantabrigiensemque
1383 2302 1529 2353 optime
1568 2304 1735 2354 interpo-

298 2370 403 2409 latos
433 2373 472 2408 et
500 2369 741 2410 Vossianum
765 2370 934 2421 pessime
961 2371 1153 2410 traditum
1180 2382 1262 2408 esse
1289 2372 1485 2419 putamus.

404 2436 474 2476 Ad
500 2440 718 2476 extremum
743 2450 865 2475 unum
889 2437 1018 2476 locum
1045 2449 1316 2486 commemoro,
1342 2437 1411 2476 ubi
1437 2437 1501 2476 hic
1529 2440 1569 2476 et
1594 2437 1651 2476 illi
1678 2437 1735 2476 ita

298 2506 401 2544 inter
436 2517 477 2543 se
509 2504 717 2555 differunt,
751 2509 797 2544 ut
828 2506 909 2544 sine
936 2504 1020 2544 ulla
1051 2504 1298 2545 dubitatione
1333 2505 1560 2545 recentioris
1592 2505 1735 2545 codicis

297 2572 417 2613 lectio
442 2571 698 2624 praeferenda
723 2573 786 2612 sit.
840 2572 917 2612 Est
940 2584 996 2612 vs.
1026 2574 1101 2611 399

385 2652 412 2694 ¹)
433 2651 456 2683 l.
479 2650 501 2683 l.
523 2661 556 2693 p.
579 2651 609 2684 9.
