1988 2992
736 217 997 257 *15*

155 319 329 359 annectit
347 320 477 369 verba,
504 333 605 371 quae
630 325 720 360 ante
746 323 944 372 proposui.
998 321 1056 360 Ut
1082 321 1142 361 his
1161 320 1316 372 Sisyphi
1341 320 1496 361 labores
1522 320 1587 361 de-

157 387 265 437 pingi
288 387 328 425 in
353 392 536 438 promptu
563 391 633 437 est,
662 389 717 426 sic
742 374 987 427 subdifficilis
1013 389 1190 438 quaestio
1217 388 1353 438 oritur,
1379 389 1447 439 qui
1465 390 1585 429 verba

156 454 242 504 ipsa
266 455 546 495 conformanda
570 455 648 495 sint
675 459 715 495 et
742 469 844 506 quae
872 458 1071 495 structura
1085 457 1230 507 'poetae
1249 456 1483 497 vindicanda
1502 471 1585 498 esse

155 521 345 561 videatur.
400 521 562 562 Summa
590 523 806 561 sententiae
832 524 914 561 sine
940 523 1059 561 dubio
1085 523 1122 561 in
1150 536 1194 562 eo
1219 525 1449 575 continetur,
1478 527 1584 576 quod

155 602 300 645 omnes,
326 591 394 641 qui
412 589 621 641 Sisyphum
648 603 784 629 saxum
810 590 1069 630 revolventem
1096 604 1324 642 summoque
1349 592 1482 632 dolore
1500 606 1585 633 cru-

155 657 301 697 ciatum
336 658 541 708 aspiciunt,
575 670 663 696 eum
696 657 789 696 deos
816 658 1094 708 contempsisse
1119 662 1258 708 putare
1283 661 1397 709 quasi
1421 662 1584 699 necessi-

154 728 238 764 tate
274 726 444 776 quadam
478 729 681 777 coguntur.
735 725 791 764 Et
824 738 1062 776 quamquam
1095 726 1196 765 hanc
1235 740 1316 766 esse
1353 728 1585 767 sententiam

155 795 399 844 perspicuum
427 797 497 843 est,
522 797 654 832 tamen
680 793 955 843 interpretatio
983 797 1023 832 et
1050 793 1258 844 explicatio
1287 807 1466 833 versuum
1488 795 1585 848 mul·

155 865 217 901 tas
246 861 499 900 difficultates
526 860 726 912 praebent.
780 860 960 899 Primum
986 861 1088 899 enim
1113 861 1153 899 in
1179 861 1291 901 libris
1317 862 1395 901 duo
1421 862 1584 902 relativa

154 930 221 979 qui
247 929 358 967 nobis
386 931 606 976 occurrunt,
634 939 748 976 quae,
775 930 820 964 ut
846 931 1012 976 exstant,
1040 928 1205 978 intelligi
1232 942 1307 967 non
1334 934 1508 979 possunt,
1536 934 1583 969 ut

154 996 322 1034 alterum
341 996 482 1035 falsum
501 1008 583 1034 esse
602 994 662 1033 vel
677 993 804 1032 obiter
821 994 1013 1044 spectanti
1030 999 1231 1045 appareat.
1259 995 1393 1036 Verba
1412 1009 1498 1035 rero
1517 999 1584 1047 qui
1637 990 1640 993 ⁴

153 1076 288 1101 saxum
304 1067 425 1101 monte
433 1063 585 1101 adverso
601 1085 648 1090 —
663 1075 755 1100 nam
769 1061 920 1100 adverso
935 1074 1006 1112 pro
1021 1075 1146 1101 averso
1162 1063 1407 1103 scribendum
1421 1077 1504 1104 esse
1519 1066 1584 1104 vix

155 1131 332 1182 estquod
347 1135 529 1170 annotem
547 1154 591 1158 —
608 1130 757 1169 revolvit
770 1132 874 1169 recte
893 1142 934 1169 se
954 1129 1098 1169 habere
1119 1131 1179 1170 vel
1196 1131 1282 1182 ipsa
1301 1131 1437 1171 fabula
1457 1131 1582 1171 docet.

154 1199 267 1238 Haec
300 1201 402 1237 enim
434 1200 483 1238 de
511 1199 677 1249 Sisypho
704 1198 743 1235 in
766 1196 906 1246 Odyss.
935 1198 1005 1236 XI
1032 1200 1108 1236 393
1135 1212 1218 1248 sqq.
1253 1201 1398 1250 scripta
1420 1200 1583 1250 legimus

303 1267 372 1305 4καὶ
398 1267 474 1320 μήν
500 1269 664 1317 Σίσυφον
691 1262 848 1311 εἶςεῖδον
874 1262 1022 1316 κρατέρ’
1047 1263 1152 1316 ἄλγε’
1177 1266 1312 1315 ἔχοντα

310 1336 406 1373 λᾶαν
429 1334 660 1384 βαστάζοντα
689 1332 879 1383 πελώριον
902 1331 1170 1383 ἀμφοτέρῃσιν.

311 1402 395 1454 ἤτοι
422 1399 446 1440 ὅ
473 1401 542 1451 μὲν
568 1399 864 1453 σκηριπτόμενος
877 1401 1014 1448 ’χερσίν
1044 1413 1085 1437 τε
1112 1404 1265 1439 ποσίντε

311 1471 407 1509 λᾶαν
429 1468 508 1508 ἄνω
534 1467 681 1510 ὤθεσκε
704 1468 793 1506 ποτὶ
819 1467 953 1517 λόφον·
987 1464 1072 1505 ἀλλ’
1100 1464 1164 1506 ὅτε
1191 1470 1326 1517 μέλλοι

309 1537 422 1587 ἄκρον
462 1535 728 1587 ὑπερβαλέειν,
775 1534 853 1574 τότ’
894 1534 1191 1586 ἀποστρέψασκε
1218 1540 1398 1588 κραταιίς.

310 1600 419 1651 αὖτις
443 1604 578 1643 ἔπειτα
603 1604 761 1643 πέδονδε
784 1602 975 1641 κυλίνδετο
1008 1602 1105 1649 λᾶας
1129 1601 1296 1655 α’ναιδής.

259 1672 399 1722 Neque
428 1672 567 1711 omitto
594 1672 757 1711 laudare
785 1674 824 1709 et
849 1669 921 1709 Ov.
943 1669 1038 1708 Met.
1066 1669 1130 1710 IV
1155 1673 1231 1709 460

310 1744 380 1778 aut
406 1741 506 1789 petis
529 1744 600 1778 aut
625 1752 740 1788 urges
766 1737 961 1776 ruiturum
983 1736 1146 1787 Sisyphe
1172 1752 1324 1779 saxum.

157 1811 197 1847 et
222 1811 382 1858 poetam
409 1807 584 1858 ignotum
611 1806 716 1857 apud
740 1805 822 1846 Cic.
844 1804 960 1852 Tusc.
988 1804 1011 1843 Ι
1038 1807 1061 1843 5
1090 1856 1094 1859 ⁴

939 1872 1127 1924 Sisyphus
1154 1878 1285 1913 versat

312 1955 452 1981 saxum
473 1939 631 1981 nitendo
660 1942 804 1981 sudans
831 1953 957 1990 neque
983 1941 1138 1990 proficit
1159 1941 1282 1980 hilum

156 2006 309 2062 Quibus
348 2024 436 2050 oum
476 2011 569 2049 locis
610 2010 854 2049 conferamus
887 2007 993 2059 Hyg.
1024 2008 1104 2048 fab.
1135 2012 1204 2048 60:
1252 2009 1479 2060 ‚,Sisyphus‚
1515 2010 1583 2060 qui

155 2092 259 2118 nunc
295 2078 440 2118 dieitur
473 2082 635 2129 propter
669 2078 912 2127 impietatem
947 2077 1134 2131 adversus
1170 2082 1340 2117 montem
1362 2077 1414 2116 ad
1439 2077 1581 2116 inferos

157 2160 294 2186 saxum
320 2146 532 2186 cervicibus
560 2146 722 2194 volvere,
750 2144 869 2195 quod,
898 2157 988 2183 cum
1011 2145 1063 2184 ad
1080 2158 1274 2185 summum
1293 2147 1475 2185 verticem
1499 2159 1582 2197 per-

156 2215 323 2264 duxerit,
336 2216 491 2254 rursum
501 2214 681 2253 deorsum
697 2216 832 2263 postea
846 2213 1104 2252 revolvatur.“
1132 2212 1208 2253 His
1221 2213 1447 2253 auctoribus
1463 2214 1582 2253 verba

156 2274 293 2333 poetae
320 2282 464 2322 Culicis
491 2282 606 2332 plane
633 2285 871 2331 congruunt3
898 2282 1110 2332 fingendus
1133 2283 1254 2332 igitur
1281 2287 1341 2320 est
1372 2283 1417 2320 in
1448 2281 1580 2337 infimo

155 2354 287 2389 monte
307 2354 414 2388 stans
433 2354 473 2388 et
487 2362 636 2398 saxum,
657 2349 761 2398 quod
779 2349 1016 2397 simulatque
1036 2349 1235 2387 evolutum
1254 2353 1313 2387 est
1332 2350 1464 2387 statim
1484 2350 1582 2387 rela-

155 2419 273 2468 bitur,
297 2419 402 2456 omni
427 2417 566 2455 virium
593 2418 839 2456 contentione
865 2416 904 2454 in
932 2429 1127 2455 summum
1155 2420 1327 2454 montem
1355 2416 1426 2465 vel,
1454 2420 1499 2454 ut
1524 2417 1582 2455 ait

155 2489 283 2537 poeta,
311 2473 441 2524 monte
461 2484 622 2523 adverso
641 2471 707 2533 (κε’
726 2484 909 2523 adversus
932 2487 1104 2522 montem
1121 2483 1243 2533 Hyg.)
1262 2483 1471 2532 revolvens,
1490 2496 1580 2522 nam

311 2557 423 2605 optat
448 2566 626 2604 supremo
650 2552 840 2592 collocare
866 2551 1053 2603 Sisyphus

310 2623 351 2661 in
374 2626 505 2661 monte
530 2635 665 2661 saxum
690 2621 805 2670 (Hor.
828 2621 940 2671 epod.
970 2620 1112 2672 17s68).
