1988 2992
893 228 1155 265 —20—

303 327 458 368 terdeni
485 357 496 368 .
524 358 534 368 .
561 358 571 368 .
600 332 634 369 .“
689 328 767 369 Est
792 329 914 380 igitur
942 333 1075 370 turma
1113 330 1219 370 idem
1243 333 1365 381 atque
1392 343 1532 382 agmen
1564 331 1744 381 equitum

303 396 552 447 maximeque
586 397 691 437 hunc
720 397 760 436 in
795 398 956 438 modum
992 398 1142 438 usitata
1168 400 1338 439 occurrit
1359 399 1483 440 veluti
1506 399 1613 451 apud
1635 398 1744 440 Cice-

304 478 440 505 ronem
465 467 507 505 in
535 469 635 506 orat.
661 479 733 517 pro
753 465 877 506 Marc.
902 466 950 505 Π
971 469 993 505 7
1021 467 1142 516 „nihil
1163 468 1238 507 sibi
1261 481 1310 507 ex
1326 469 1405 508 ista
1416 468 1535 508 laude
1553 469 1743 518 centurio,

303 533 402 573 nihil
420 534 653 585 praefectus,
680 534 779 573 nihil
797 534 949 584 cohors,
969 534 1068 574 nihil
1089 538 1220 575 turma
1237 535 1445 587 decerpit.“
1501 535 1581 576 Sed
1595 536 1745 587 paulla-

303 602 376 640 tim
411 600 570 640 deflexit
603 601 701 640 haec
736 603 845 641 notio
880 604 948 652 ita,
986 606 1032 641 ut
1068 603 1237 653 primum
1272 604 1472 654 equitatus
1498 604 1746 643 omitteretur

305 672 352 708 ut
380 669 488 720 apud
514 668 619 709 Hor.
647 668 721 708 III
747 670 849 720 4144.

764 748 906 787 scimus
932 750 978 787 ut
1002 748 1142 799 impios

462 813 628 853 Titanas
654 814 941 865 immanemque
967 819 1139 855 turmam

463 880 627 921 fulmine
656 883 859 923 sustulerit
884 883 1046 923 caduco.

305 948 408 988 Hor.
437 962 558 989 carm.
586 964 687 990 saec.
716 954 766 990 37

464 1027 595 1068 Roma
622 1028 656 1068 si
683 1032 856 1068 vestrum
880 1031 941 1068 est
966 1041 1064 1080 opus
1090 1029 1269 1079 Iliaeque

465 1094 561 1134 litus
591 1095 806 1134 Etruscum
832 1099 992 1135 tenuere
1019 1100 1186 1145 turmae,

307 1176 395 1213 tum
421 1174 461 1213 in
488 1172 708 1224 quamlibet
735 1173 1026 1215 multitudinem
1052 1175 1306 1226 acciperetur,
1340 1185 1583 1225 quamquam
1605 1173 1663 1213 ita
1685 1186 1746 1214 ra-

306 1241 462 1280 rissime
487 1241 566 1280 dici
593 1254 673 1280 non
700 1254 901 1292 negamus,
925 1245 1071 1293 quippe
1097 1243 1175 1282 duo
1202 1242 1475 1282 tantummodo
1508 1242 1624 1281 huius
1651 1255 1746 1281 usus

305 1308 484 1360 exempla
510 1309 673 1360 reperiri
700 1309 958 1349 meminimus.
1012 1310 1181 1350 Accedit
1205 1310 1306 1349 enim
1329 1310 1381 1350 ad
1400 1312 1579 1349 nostrum
1605 1309 1746 1359 locum,

306 1378 417 1416 cuius
442 1377 640 1427 scriptura
674 1378 966 1427 antiquioribus
993 1378 1193 1417 codicibus
1220 1379 1300 1417 iam
1327 1379 1481 1429 saepius
1511 1378 1746 1429 exspectatis

307 1445 497 1495 munitur,
526 1443 642 1485 Ovid.
670 1458 747 1484 am.
774 1445 824 1484 II
852 1445 966 1497 132'18

463 1525 580 1564 saepe
607 1513 681 1552 tibi
709 1514 812 1553 sedit
839 1515 954 1553 certis
982 1517 1147 1564 operata
1172 1514 1309 1553 diebus

468 1593 549 1631 qua
578 1582 698 1632 tingit
725 1582 862 1621 laurus
889 1580 1046 1621 Gallica
1072 1585 1202 1621 turma
1229 1584 1333 1620 tuas.

411 1668 525 1708 Haec
561 1669 794 1719 significatio
831 1670 905 1708 etsi
940 1683 1031 1709 rara
1066 1674 1144 1720 est,
1182 1670 1279 1709 nihil
1304 1673 1437 1708 tamen
1469 1669 1602 1718 habet,
1641 1670 1748 1719 quod

308 1736 408 1776 mira
443 1738 495 1776 sit
530 1740 601 1776 aut
627 1737 746 1787 digna
780 1737 1084 1789 vituperatione,
1113 1750 1239 1787 neque
1267 1736 1359 1776 viris
1387 1736 1512 1776 doctis
1539 1737 1746 1789 astipulari

307 1817 422 1854 queo,
460 1805 529 1854 qui
556 1804 660 1843 hunc
687 1805 791 1844 vocis
817 1818 931 1844 usum
958 1818 1118 1855 prorsus
1144 1808 1383 1854 negaverunt
1416 1808 1461 1843 ut
1475 1804 1507 1857 1)
1544 1805 1748 1856 Hauptius

308 1876 348 1913 et
360 1872 393 1926 ²)
420 1872 696 1924 Kiesslingius.
751 1871 842 1924 Qua
875 1873 924 1913 de
959 1886 1081 1913 causa
1111 1872 1261 1925 turbas,
1300 1885 1421 1924 quam
1456 1873 1663 1913 lectionem
1700 1886 1749 1913 ex

307 1941 505 1982 Vossiano
526 1941 799 1992 depromptam
817 1942 1083 1981 Baehrensius
1102 1943 1143 1980 in
1156 1941 1304 1981 Culicis
1322 1945 1477 1980 textum
1495 1943 1653 1992 recepit,
1672 1955 1749 1981 non

307 2008 451 2060 probro
472 2022 599 2060 neque
625 2008 707 2049 ullo
729 2009 812 2048 viro
831 2009 948 2048 docto
970 2009 1100 2049 adhuc
1121 2009 1329 2061 probatam
1351 2022 1433 2049 esse
1458 2009 1581 2049 video.
1621 2008 1748 2048 Immo

306 2078 406 2117 haec
432 2078 697 2128 discrepantia
723 2078 996 2128 interpolatori
1024 2078 1274 2117 obtrudenda
1301 2090 1386 2117 esse
1418 2079 1585 2127 videtur,
1617 2090 1747 2127 quem,

309 2157 399 2184 cum
427 2144 659 2184 insolentem
686 2148 840 2184 turmae
867 2145 946 2183 vim
980 2144 1200 2195 ignoraret,
1228 2144 1418 2184 usitatam
1445 2157 1577 2184 vocem
1608 2144 1749 2184 turbae

308 2214 579 2265 anteposuisse
609 2213 723 2253 facile
755 2213 1013 2264 concedimus,
1042 2214 1251 2253 dummodo
1286 2226 1335 2252 ne
1362 2214 1560 2253 novissimi
1588 2213 1748 2254 editoris

309 2283 525 2321 sententiae
552 2281 602 2321 de
629 2282 824 2324 Vossiano
852 2281 967 2320 nimis
994 2281 1278 2331 inhaereamus,
1312 2281 1381 2320 sed
1405 2285 1570 2321 naturae
1593 2293 1751 2332 quoque

396 2386 422 2427 ¹)
446 2396 560 2427 opusc.
583 2386 624 2418 ΙΙ
645 2397 678 2427 p.
702 2387 765 2418 164
788 2388 858 2427 „est
880 2388 1013 2418 turmae
1034 2386 1239 2419 vocabulum
1266 2397 1399 2427 semper
1427 2386 1575 2418 militare
1596 2386 1646 2418 ibi
1668 2396 1749 2427 quo-

310 2448 386 2479 que,
408 2437 469 2470 ubi
485 2438 658 2479 equitatus
679 2437 886 2480 significatio
910 2438 1115 2471 omittitur“.

394 2490 423 2533 ’)
445 2490 482 2523 in
504 2490 656 2523 editione
684 2489 771 2524 Hor.
793 2501 827 2532 p.
848 2491 912 2523 205
942 2491 986 2532 (a.
1018 2491 1115 2532 1884)
1146 2492 1281 2532 „turma
1310 2489 1467 2533 begeicbnet
1482 2515 1490 2524 .
1507 2515 1515 2523 .
1530 2514 1538 2522 .
1569 2489 1640 2530 autb
1663 2496 1751 2524 menn

309 2546 355 2584 εδ,
377 2543 432 2576 mie
452 2542 540 2575 Hor.
563 2543 618 2576 mit
640 2542 783 2577 §Botliebe
813 2542 889 2583 tbut,
919 2560 961 2566 —
990 2542 1035 2575 hei
1058 2541 1163 2584 Verg.
1192 2552 1253 2575 nut
1285 2552 1357 2575 aen.
1379 2541 1489 2574 X310
1516 2560 1557 2565 —
1585 2542 1659 2582 nidn
1691 2549 1751 2575 nnn

310 2594 615 2638 ffleitergeftbmuBem
636 2595 733 2638 geiesst
754 2595 798 2636 ἰῇ,
821 2594 887 2634 both
910 2594 982 2636 ftetss
1003 2595 1036 2628 in
1058 2594 1273 2636 militatifdyem
1296 2594 1398 2629 &inne
1427 2594 1471 2628 bie
1493 2593 1751 2636 &ingelabteilung

309 2646 513 2689 Ωᾶυψῖεῐὼετ
534 2646 605 2680 obet
623 2646 749 2680 rouertin
771 2647 816 2680 bie
838 2647 1023 2688 OEefamtbeit
1045 2647 1127 2680 eines
1151 2647 1296 2688 beetessst
