1988 2992
286 301 472 343 librarius
519 302 571 343 ad
607 306 756 343 rectam
791 302 958 343 formam
994 303 1069 343 Ida
1105 317 1179 355 pro
1215 304 1352 356 Daque
1390 304 1633 355 pervenerit,
1669 303 1725 343 in-

286 369 451 420 telligat.
520 371 621 411 Mihi
671 371 829 421 quidem
877 372 1019 411 mirum
1068 375 1128 411 est
1174 385 1262 412 cum
1307 372 1381 412 hoc
1432 372 1650 423 exemplum
1699 385 1724 411 a

285 437 527 479 Baehrensio
553 439 595 478 in
621 452 734 479 usum
760 452 839 479 non
861 439 1049 479 collatum
1083 452 1165 479 esse
1191 443 1277 479 tum
1303 454 1393 480 vero
1420 439 1606 482 Vossiani
1633 440 1724 479 scri-

286 504 379 544 bam
414 508 618 557 proprium
653 506 887 546 vocabulum
919 507 1122 557 exhibere,
1164 508 1198 547 si
1236 508 1338 548 hunc
1373 508 1518 548 librum
1557 521 1605 547 ex
1645 508 1722 546 alio

285 572 393 613 fonte
422 586 468 613 ac
494 574 730 614 Bembinum
757 578 797 614 et
825 574 1190 625 Cantabrigiensem
1223 575 1473 626 reliquosque
1505 588 1636 615 omnes
1662 588 1723 615 co-

285 640 389 680 dices
421 641 579 681 fluxisse
615 655 813 693 negamus.
878 642 966 682 Sive
992 643 1113 693 igitur
1135 642 1211 682 Ida
1241 644 1320 682 iam
1345 643 1511 694 invenit,
1550 644 1628 683 sive
1652 656 1722 682 suo

284 709 440 760 ingenio
469 713 614 761 optime
640 711 841 762 conclusit,
869 715 981 761 grato
1008 711 1137 750 animo
1165 710 1267 750 hanc
1292 711 1498 751 lectionem
1523 715 1723 763 acceptam

284 776 489 817 referimus
524 792 595 818 nec
631 779 784 818 silentio
811 779 1160 829 praetermittimus
1186 791 1275 817 vere
1303 779 1593 819 memorabilem
1627 791 1721 828 esse,

285 858 538 896 quamquam,
568 847 637 896 qui
667 847 845 886 acumine
868 847 1009 886 mentis
1042 847 1244 897 praeditus
1278 846 1339 886 vel
1373 846 1637 897 interpolandi
1662 846 1723 886 vel

285 913 519 952 emendandi
551 914 726 953 laborem
763 914 900 964 subiit,
938 915 973 954 ei
1009 915 1269 954 coniecturam
1299 913 1374 952 Ida
1406 927 1477 965 pro
1504 914 1639 966 Daque
1675 927 1722 953 ex

285 983 383 1021 serie
411 982 693 1022 sententiarum
727 982 985 1022 difficiliorem
1010 982 1128 1022 fuisse
1156 996 1276 1033 quam
1307 985 1354 1021 ut
1389 983 1572 1033 denegari
1600 983 1722 1033 possit

282 1063 361 1088 non
394 1050 615 1100 putandum
650 1053 722 1089 est.
784 1050 875 1089 Hoc
910 1050 1031 1100 igitur
1065 1054 1338 1100 argumentum
1365 1052 1433 1099 qui
1459 1050 1511 1089 ad
1539 1050 1722 1091 Vossiani

282 1117 400 1156 fidem
435 1117 718 1157 defendendam
749 1117 948 1167 attulerit,
990 1118 1088 1157 bene
1115 1117 1272 1166 afferet,
1308 1117 1375 1156 sed
1412 1121 1543 1157 cetera
1579 1118 1721 1166 omnia,

282 1198 384 1235 quae
436 1185 485 1224 de
535 1185 638 1224 vitiis
689 1187 772 1224 eius
821 1185 900 1224 iam
951 1187 1218 1235 exposuimus,
1271 1198 1292 1224 e
1342 1185 1595 1225 fundamento
1643 1198 1721 1224 non

282 1253 446 1293 disiciet.

386 1320 505 1360 Nunc
535 1321 586 1360 ad
622 1324 839 1360 extremum
874 1333 943 1359 nos
979 1324 1112 1359 manet
1147 1321 1326 1370 quaestio
1361 1321 1410 1360 de
1437 1322 1484 1360 iis
1508 1321 1720 1371 scripturis,

281 1402 384 1439 quae
409 1389 450 1427 in
477 1388 670 1427 Bembino
699 1401 745 1427 ac
772 1387 1089 1438 cantabrigiensi
1117 1392 1156 1427 et
1180 1388 1375 1428 Vossiano
1403 1401 1562 1439 prorsus
1589 1388 1720 1427 variae

281 1460 450 1505 exstant,
490 1456 559 1494 sed
594 1457 663 1504 ita,
704 1459 750 1494 ut
777 1456 939 1504 alterae,
978 1457 1153 1505 quamvis
1180 1469 1292 1495 voces
1328 1470 1397 1506 per
1425 1470 1465 1495 se
1498 1470 1574 1496 non
1600 1457 1718 1495 falsas

280 1524 508 1575 praebeant,
536 1527 667 1563 tamen
695 1536 719 1563 a
745 1528 860 1574 poeta
886 1524 1172 1563 abiudicandae
1200 1524 1288 1563 sint.
1344 1523 1454 1575 Quas
1482 1538 1571 1564 cum
1600 1537 1718 1575 supra

285 1593 606 1640 enumeraverim,
644 1604 721 1630 non
749 1604 880 1630 omnes
908 1595 1094 1642 repetam,
1131 1592 1361 1642 praesertim
1393 1605 1482 1631 cum
1510 1593 1719 1632 nonnullae

280 1660 546 1711 disputatione
582 1658 696 1698 facile
730 1662 889 1698 careant
925 1658 1032 1699 velut
1067 1672 1102 1699 v.
1142 1661 1190 1698 12
1225 1660 1344 1699 vestri
1379 1679 1430 1693 =
1465 1660 1605 1710 nostri,
1640 1662 1716 1700 270

279 1728 391 1768 illum
418 1748 469 1761 =
496 1727 586 1776 ulli,
626 1729 701 1766 302
732 1728 913 1766 manibus
940 1747 990 1760 =
1014 1727 1191 1767 navibus.
1251 1726 1480 1767 Ceterarum
1515 1741 1606 1768 vero
1641 1729 1716 1767 dis-

279 1796 480 1846 crepantia
514 1795 554 1834 in
589 1808 704 1834 versu
742 1798 790 1834 18
824 1796 986 1834 nemoris
1018 1819 1070 1824 —
1106 1796 1227 1835 laticis
1263 1799 1321 1834 est
1357 1795 1715 1835 animadvertenda.

279 1863 405 1902 Poeta
438 1863 617 1902 Naiadas
653 1863 819 1902 advocat
854 1864 971 1902 deum
1008 1863 1148 1902 choreo
1184 1863 1394 1913 plaudente
1434 1886 1486 1892 —
1524 1877 1617 1902 nam
1659 1863 1715 1903 sic

278 1930 527 1969 scribendum
552 1943 636 1970 esse
662 1930 817 1969 videtur
844 1954 895 1958 —
918 1930 1172 1979 celebrantes,
1200 1942 1297 1979 quas
1321 1930 1445 1969 Pierii
1471 1931 1591 1969 laticis
1607 1930 1717 1968 decus

278 1999 464 2049 appellat.
517 1999 599 2038 Pro
631 1999 705 2038 hac
732 1999 949 2038 elocutione
985 2000 1082 2037 mire
1118 1998 1158 2037 in
1183 1997 1378 2039 Vossiano
1407 1999 1528 2038 Pierii
1554 2000 1716 2038 nemoris

276 2066 388 2105 decus
423 2067 610 2118 scriptam
646 2067 832 2117 legimus,
865 2079 966 2116 quae
1002 2069 1107 2105 certe
1142 2054 1269 2105 minus
1309 2079 1439 2105 errore
1474 2055 1595 2116 quam⁴
1628 2080 1716 2105 con-

277 2135 364 2173 silio
394 2139 481 2174 orta
509 2139 579 2174 est.
635 2135 834 2174 Nimirum
857 2135 1034 2173 Pierium
1060 2148 1197 2174 nemus
1227 2138 1333 2173 recte
1371 2135 1514 2174 dicitur
1550 2136 1644 2174 item
1669 2137 1715 2173 ut

277 2203 412 2241 Pieria
441 2203 593 2252 domus,
622 2214 809 2252 quercus3
839 2202 908 2241 sed
930 2202 993 2241 hic
1012 2202 1226 2252 quaeritur,
1252 2206 1343 2241 utra
1363 2203 1559 2252 scriptura
1576 2206 1715 2252 poetae

277 2271 494 2320 conveniat,
523 2283 594 2309 nec
613 2269 777 2309 dubium
806 2274 876 2320 est,
905 2270 999 2319 quin
1028 2269 1079 2308 ad
1096 2269 1276 2308 Naiadas
1297 2270 1412 2308 modo
1430 2269 1588 2309 Pierius
1606 2269 1715 2308 latex

276 2342 368 2389 apte
394 2342 577 2389 ponatur,
615 2337 782 2377 eundem
818 2337 898 2377 fere
931 2338 971 2376 in
997 2337 1157 2376 modum
1185 2338 1225 2376 in
1254 2338 1387 2377 Aetna
1424 2338 1595 2377 carmine
1621 2337 1713 2387 legi-

275 2419 363 2446 mus
389 2419 444 2446 vs.
471 2409 572 2446 6-7
946 2411 948 2413 ’

945 2477 1153 2523 tecumque
1180 2472 1351 2512 faventes

432 2543 472 2580 in
497 2554 600 2580 nova
626 2541 760 2580 Pierio
786 2545 994 2591 properent
1019 2554 1043 2580 a
1070 2540 1176 2579 fonte
1203 2553 1353 2580 sorores

428 2621 524 2649 rura
548 2640 557 2650 .
578 2638 588 2648 .
611 2637 620 2648 .
643 2638 653 2649 .
