1988 2992
914 202 1173 239 —42—

328 304 408 345 sius
423 305 453 354 1)
481 304 585 354 fecit,
613 305 932 355 interiectionem,
960 319 1062 356 quae
1080 305 1188 346 haud
1202 305 1321 347 dubie
1337 306 1533 346 sententia
1550 306 1762 357 respuitur,

329 372 533 411 enuntiato
560 373 730 411 inserere
757 372 953 423 cogimur,
989 376 1035 411 ut
1062 375 1230 423 quantas
1267 374 1505 425 suspiciones
1531 376 1686 413 moveat
1709 372 1765 412 fa-

328 440 401 480 cile
435 440 692 491 intelligatur.
743 439 834 493 Qua
871 441 920 482 de
957 454 1076 481 causa
1110 441 1151 480 in
1187 444 1403 482 ceterorum
1426 441 1616 482 librorum
1642 454 1764 493 prava

327 508 523 558 scriptura
559 509 770 548 immunem
801 509 926 548 latere
962 512 1001 547 et
1029 508 1214 549 Vossiani
1250 509 1369 549 verba
1405 510 1557 549 librarii
1583 509 1763 548 emenda-

326 576 474 615 tionem
500 588 584 616 esse
611 576 852 627 putabimus.
906 576 1011 616 Item
1038 590 1100 616 res
1128 590 1169 617 se
1194 577 1340 617 habere
1367 577 1523 618 videtur
1546 577 1588 617 in
1613 590 1670 618 vs.
1701 580 1762 628 13,

326 657 565 694 quamquam
605 645 655 683 de
695 648 840 684 natura
885 645 967 684 eius
1008 644 1154 695 ambigi
1197 645 1299 685 licet.
1362 646 1427 686 Sic
1467 646 1569 685 enim
1603 646 1763 696 plurimi

326 711 478 751 codices
505 714 671 762 pessime
698 713 862 752 tradunt

484 783 576 819 sunt
606 780 726 820 etiam
753 793 889 820 croceo
914 780 1040 819 violae
1067 781 1116 819 (16
1142 780 1238 819 flore
1266 780 1436 820 corollae

325 845 542 887 Vossianus
571 860 664 887 vero

481 918 572 954 sunt
600 919 639 954 et
667 914 867 966 Cecropeo
893 916 1046 955 vinctae
1073 916 1121 955 de
1148 928 1256 955 more
1278 928 1456 955 coronae.

322 981 382 1021 Ut
411 981 587 1034 Cecropeo
610 984 814 1034 praeclara
841 988 902 1025 est
926 984 1063 1035 lectio,
1092 984 1148 1025 sic
1173 986 1328 1036 vinctae,
1356 997 1468 1035 more,
1496 996 1654 1023 coronae
1679 984 1759 1024 sive

323 1053 509 1099 peccatae
535 1051 614 1090 sive
640 1056 839 1091 correctae
866 1054 1085 1102 scripturae
1113 1052 1329 1091 reiciendae
1357 1054 1467 1100 sunt3
1496 1051 1570 1090 etsi
1590 1051 1693 1090 enim
1709 1051 1759 1090 de

324 1118 656 1158 coronae-corollae
690 1119 788 1159 nihil
823 1120 920 1159 certi
956 1120 1078 1160 statui
1113 1122 1263 1171 potest,
1301 1122 1433 1159 tamen
1463 1131 1540 1158 non
1567 1122 1646 1170 est,
1688 1132 1759 1160 cur

324 1185 484 1223 corollae
518 1198 542 1223 a
579 1190 697 1235 poeta
734 1187 1013 1226 abiudicemus.
1067 1186 1218 1227 Contra
1251 1190 1385 1236 aperte
1420 1199 1554 1225 versus
1582 1189 1630 1225 21
1662 1187 1757 1226 ordo

322 1264 347 1290 a
374 1250 567 1293 Vossiano
593 1253 830 1303 depravatus
858 1257 928 1303 est,
952 1267 1041 1293 cum
1067 1256 1123 1295 sic
1150 1254 1404 1294 exhibeatur:

482 1324 574 1360 sunt
601 1321 669 1371 qui
694 1324 856 1361 cruenta
882 1334 993 1362 mora
1018 1326 1058 1362 et
1085 1322 1200 1362 lentis
1227 1325 1309 1373 atq.
1337 1334 1413 1361 uva
1434 1321 1599 1361 racemis

322 1387 390 1427 ubi
432 1391 473 1427 et
512 1388 631 1428 verba
669 1390 771 1429 inter
806 1402 847 1428 se
882 1389 981 1429 falso
1015 1391 1255 1441 transposita
1291 1393 1331 1429 et
1365 1389 1599 1441 particulam
1632 1393 1707 1441 atq.
1733 1403 1758 1430 a

321 1459 524 1495 structura
565 1457 732 1496 alienam
772 1458 993 1508 appositam
1027 1471 1110 1497 esse
1146 1442 1538 1498 animadvertendum
1573 1459 1644 1496 est.
1706 1456 1756 1496 In

321 1536 376 1562 vs.
397 1526 449 1564 20
469 1524 613 1574 duplex
631 1529 664 1563 et
682 1525 722 1563 in
741 1524 939 1565 Vossiano
958 1526 1146 1577 scriptum
1163 1525 1319 1575 legitur,
1347 1525 1453 1575 quod
1472 1537 1561 1564 cum
1580 1537 1755 1564 connexu

320 1594 405 1629 tum
439 1603 529 1630 vero
566 1591 820 1631 similitudine
853 1593 974 1632 totius
1001 1593 1192 1633 enuntiati
1218 1592 1386 1632 abicitur
1412 1595 1452 1631 et
1480 1591 1530 1631 ob
1557 1604 1644 1631 eam
1670 1605 1754 1631 rem

319 1672 344 1697 a
367 1659 608 1698 Baehrensio
641 1660 809 1699 alterum
835 1660 993 1710 quidem
1019 1663 1059 1700 in
1085 1674 1131 1700 en
1158 1663 1377 1700 correctum
1398 1663 1476 1709 est,
1514 1672 1753 1709 quamquam

315 1727 522 1766 lectionem
547 1731 766 1766 ceterorum
792 1728 969 1767 codicum
993 1728 1118 1767 multo
1146 1728 1482 1779 praestabiliorem
1511 1740 1594 1766 esse
1625 1730 1749 1777 patet.

319 1793 534 1834 Manifesta
562 1808 652 1834 vero
680 1798 740 1834 est
767 1796 1020 1846 interpolatio
1046 1797 1086 1835 in
1113 1809 1169 1836 vs.
1197 1799 1259 1846 26,
1288 1809 1404 1846 quem
1427 1795 1568 1845 reliqui
1590 1795 1681 1835 libri

471 1875 589 1912 parce
615 1862 692 1901 illi:
720 1866 847 1902 vestre
875 1863 1058 1903 delicium
1085 1867 1145 1903 est
1171 1863 1304 1902 asinus
1557 1852 1559 1854 Ι

318 1929 536 1970 Vossianus
558 1934 690 1970 autem

472 2011 591 2048 parce
617 1998 696 2037 illi:
723 2003 901 2038 nostrum
926 1999 1109 2039 delicium
1137 2003 1197 2038 est
1225 1999 1357 2038 asinus

318 2064 452 2104 tradit.
504 2064 629 2105 Vestre
655 2065 871 2106 absurdum
894 2070 954 2106 est
979 2070 1019 2106 et
1042 2066 1211 2117 palmari
1238 2065 1509 2106 emendatione
1526 2065 1578 2105 ab
1599 2065 1750 2117 Ilgenio

314 2133 355 2171 in
390 2132 518 2172 Vestae
552 2135 803 2183 restitutum,
841 2148 929 2174 cum
963 2135 1059 2184 quid
1113 2139 1284 2174 nostrum
1310 2134 1350 2173 in
1375 2135 1449 2173 hoc
1476 2147 1653 2173 connexu
1675 2134 1750 2173 sibi

315 2200 409 2239 velit
446 2213 524 2239 non
558 2205 748 2251 appareat
783 2214 854 2241 nec
887 2202 982 2252 nisi,
1018 2203 1124 2252 quod
1149 2202 1278 2242 scriba
1305 2205 1418 2240 vestre
1443 2213 1521 2240 non
1544 2201 1749 2250 intellexit,

314 2268 538 2307 coniectura
578 2268 759 2308 effectum
802 2282 885 2308 esse
925 2269 1116 2308 videatur.
1178 2269 1361 2308 Eundem
1404 2268 1484 2308 fere
1516 2269 1555 2307 in
1591 2268 1749 2308 modum

311 2335 446 2386 paullo
482 2335 585 2375 infra
611 2336 796 2378 Vossiani
818 2337 934 2376 lectio
962 2350 987 2376 a
1013 2336 1152 2376 ceteris
1178 2336 1377 2376 codicibus
1404 2348 1565 2387 prorsus
1594 2335 1748 2376 diversa

312 2404 481 2443 occurrit
508 2405 548 2443 in
572 2418 686 2445 versu
715 2408 777 2455 28,
806 2417 923 2456 quem
949 2406 991 2445 hi
1019 2406 1074 2445 sic
1098 2405 1287 2455 praebent

468 2485 571 2511 nunc
597 2486 687 2513 vere
713 2473 752 2513 in
780 2473 908 2524 gelida
935 2473 1026 2513 sede
1052 2473 1201 2513 lacerta
1223 2472 1322 2513 latet

397 2566 423 2607 1)
448 2565 490 2598 cf.
524 2577 572 2606 ea,
605 2576 693 2608 quae
720 2566 763 2599 de
794 2566 861 2599 hoc
891 2566 968 2599 loco
1001 2566 1038 2599 in
1066 2566 1273 2599 contrariam
1300 2565 1504 2599 sententiam
1538 2565 1746 2607 disputavit:

311 2617 346 2650 G.
369 2618 391 2650 l.
413 2629 446 2660 p.
468 2619 521 2652 21.
