1988 2992
924 180 1185 218 ...43-

334 282 403 322 ubi
431 281 650 323 Vossianus
679 296 813 323 vocem
851 284 949 322 laeta
984 283 1142 323 exhibet
1175 283 1317 323 litteris
1356 283 1440 322 leta.
1493 277 1649 323 'Omnes
1681 295 1772 323 vero

333 350 455 390 libros
482 364 506 390 a
534 364 625 390 vero
649 352 855 391 aberrasse
880 353 960 391 iam
987 352 1056 390 diu
1082 351 1154 391 viri
1182 351 1288 390 docti
1315 354 1579 400 cognoverunt
1605 363 1772 389 summo-

334 431 410 467 que
447 419 532 457 iure
571 420 807 469 scripturam
848 419 1085 459 deteriorum
1125 420 1225 458 iacta
1265 418 1306 456 in
1341 421 1495 457 textum
1530 421 1771 469 receperunt.

333 485 516 525 Bembini
549 490 588 525 et
616 486 954 536 Cantabrigiensis
986 486 1202 526 communis
1238 485 1324 524 fons
1360 486 1441 524 sin'e
1476 485 1595 524 dubio
1622 486 1772 526 scribae

334 554 513 592 socordia
541 555 639 592 laeta
663 553 859 604 praebuit,
886 567 989 604 quae
1013 567 1088 593 vox
1115 566 1235 603 quam
1262 552 1377 591 facile
1404 565 1452 591 ex
1472 552 1652 592 [ACTA
1680 554 1772 591 oriri

334 621 518 670 potuerit,
547 634 623 659 non
651 624 721 670 est,
742 633 812 659 cur
838 626 1068 672 exponatur.
1112 621 1167 659 Et
1192 633 1282 659 cum
1307 619 1405 658 haec
1431 619 1546 659 lectio
1574 620 1671 659 nihil
1698 621 1771 659 nisi

330 701 462 727 merus
498 701 608 727 error
642 689 822 739 putanda
854 690 925 740 sit,
964 691 1082 729 etiam
1117 688 1286 728 alterum
1325 688 1621 739 apographum,
1664 688 1770 738 quod
1829 689 1835 695 ’

329 756 595 795 Baehrensius
633 757 887 807 excogitavit,
927 757 1094 796 eundem
1127 757 1310 796 habuisse
1342 756 1485 795 calami
1521 756 1678 807 lapsum
1707 757 1772 796 vix

329 824 515 863 credibile
543 827 613 863 est.
667 824 890 875 Propterea
932 837 1052 874 quam
1088 828 1310 863 contortum
1350 826 1389 862 et
1428 824 1672 863 aoculeatum
1713 837 1772 863 so-

330 890 486 940 phisma
525 891 591 930 ille
631 892 756 930 altero
795 892 1049 931 fundamento
1081 891 1264 932 Vossiani
1309 890 1531 929 substruoto
1576 892 1770 941 statuerit,

330 958 427 1007 quid
456 962 514 997 est
535 958 663 997 verbis
690 958 819 1009 opus?

433 1025 523 1064 Iam
546 1029 591 1064 ut
618 1026 669 1065 ad
696 1030 915 1066 extremum
942 1039 1137 1065 summam
1167 1025 1392 1074 sententiae,
1430 1037 1549 1075 quam
1589 1025 1663 1064 hac
1696 1025 1770 1064 dis-

330 1093 536 1143 putatione
558 1094 664 1133 omni
692 1107 740 1133 ex
757 1098 871 1145 parte
894 1095 1149 1145 comprobare
1169 1107 1215 1133 ao
1238 1093 1412 1132 stabilire
1439 1092 1584 1142 studui,
1614 1092 1769 1143 faciam,

335 1161 434 1200 haec
462 1161 540 1200 duo
564 1162 756 1201 contendo

445 1228 669 1268 Vossianum
694 1231 867 1281 primum
897 1243 973 1269 non
1006 1243 1051 1269 ex
1083 1231 1200 1269 altero
1224 1228 1438 1280 apoqra-pho
1449 1259 1460 1280 ,
1486 1228 1550 1267 sed
1578 1242 1623 1267 ex
1647 1230 1770 1268 eodem

328 1297 436 1347 fonte
467 1310 539 1347 quo
577 1298 806 1336 Bembinum
842 1303 875 1336 et
914 1298 1256 1348 Cantabriqiensem
1267 1326 1278 1346 ,
1311 1297 1473 1346 fortasse
1508 1308 1554 1333 eae
1589 1296 1770 1336 Bembino

334 1365 426 1415 ipso,
452 1377 521 1415 per
548 1366 670 1403 varios
694 1364 841 1416 yradus
860 1365 1025 1416 fluoeisse,

437 1437 519 1470 tum
551 1433 660 1482 foede
699 1435 964 1483 interpolatum
995 1446 1067 1472 esse
1099 1434 1249 1482 eiusque
1281 1430 1553 1481 discrepantias
1580 1434 1772 1483 plurimas

330 1499 402 1538 huc
430 1500 570 1551 referri
597 1504 773 1551 oportere.

890 1946 1220 2003 ERRA'JJUM.

442 2050 475 2081 p.
500 2040 537 2071 11
560 2051 607 2073 vs.
630 2041 650 2072 3
672 2050 736 2081 pro
758 2039 845 2073 male
861 2049 928 2081 pro
949 2039 1039 2072 mala
1059 2039 1242 2081 legendum
1264 2041 1316 2072 est
1337 2039 1424 2073 male
1446 2051 1508 2082 pro
1530 2039 1631 2073 mala.

678 2604 763 2635 'l‘ypin
782 2603 813 2629 G.
832 2604 899 2629 Puta
918 2604 1044 2634 (Lippert
1059 2602 1085 2627 &
1102 2602 1167 2634 Co.),
1192 2603 1349 2633 Numburssi
1366 2603 1401 2627 ad
1418 2602 1449 2628 S..
