1988 2992
936 194 988 201 -.
1043 160 1195 211 lost-

342 273 455 325 licet,
494 288 644 315 summo
678 277 763 316 iure
798 289 932 316 omnes
966 277 1006 316 in
1036 289 1129 316 voce
1161 276 1316 328 defende
1349 272 1576 328 offendisse,
1613 289 1700 316 cum
1736 277 1778 317 in

341 343 471 383 verbm
570 405 718 455 perfide
743 405 1003 455 Demophoon
1031 409 1071 444 et
1097 419 1201 444 nunc
1226 406 1390 447 defende
1417 406 1558 457 puellis

342 473 539 525 particula
574 477 627 522 et,
670 485 790 522 quam
825 476 983 523 praeter
1018 472 1258 514 Vossianum
1295 475 1410 513 ceteri
1452 473 1545 513 libri
1580 473 1775 524 exhibent,

343 544 479 591 aperte
506 541 689 579 ostendat
702 541 754 580 ad
772 541 880 591 prius
895 541 1115 580 membrum
1134 541 1299 593 (perfide
1317 541 1591 592 Demophoon)
1610 542 1778 581 alterum

344 607 543 658 quoddam
566 608 719 648 annecti
738 611 929 660 oportere,
958 608 1064 659 quod
1084 612 1123 648 et
1140 608 1295 660 linguae
1321 609 1483 649 rationis
1502 612 1542 648 et
1565 610 1778 650 sententiae

342 680 430 715 arto
458 676 611 715 vinculo
641 677 890 715 coniunctum
928 677 989 726 sit,
1028 678 1054 715 i.
1083 690 1115 716 e.
1144 689 1418 726 quamcunque
1454 677 1673 727 imperativi
1701 677 1777 716 for-

343 757 459 794 mam,
489 743 633 795 quippe
661 755 763 793 quae
789 756 859 795 per
885 748 918 783 et
944 744 1106 795 adiungi
1142 748 1322 795 nequeat,
1355 744 1563 785 abhorrere
1595 748 1635 784 et
1669 745 1777 785 casui

340 810 482 863 perfide
513 812 804 851 convenientem
840 813 997 863 requiri.
1053 812 1143 864 Qua
1173 813 1487 862 ratiocinatione,
1523 813 1670 864 opinor,
1710 814 1778 853 ad-

343 880 486 919 ductus
513 879 690 930 Scaliger
716 879 971 930 depravatam
1013 893 1146 919 vocem
1185 880 1341 931 defende
1383 884 1489 919 recte
1526 881 1695 920 correxit
1736 881 1778 919 in

340 948 505 998 deflende
527 947 794 997 satisfecitque
813 948 1005 987 connexui
1019 961 1151 987 rerum
1162 949 1236 987 hac
1251 948 1533 998 emendatione,
1554 961 1655 997 quae
1673 952 1778 988 certe

345 1019 405 1054 est
424 1015 628 1063 facillima3
657 1027 747 1053 nam
776 1015 967 1065 optimum
994 1027 1148 1054 sensum
1166 1015 1327 1069 praebet
1345 1028 1427 1065 nec,
1450 1016 1778 1065 quemadmodum

341 1083 513 1133 genuina
536 1083 729 1133 scriptura
755 1083 796 1121 in
822 1083 1010 1121 traditam
1038 1083 1233 1133 corrumpi
1260 1084 1445 1133 potuerit,
1475 1083 1684 1123 obscurum
1706 1087 1775 1123 est.

341 1150 484 1199 Itaque
512 1163 600 1189 cum
630 1150 854 1189 coniectura
876 1150 1124 1200 simplicitate
1148 1163 1188 1188 se
1211 1150 1466 1199 commendet,
1494 1163 1639 1200 omnes,
1666 1154 1777 1200 quot-

341 1222 438 1268 quot
468 1219 573 1258 hunc
608 1219 737 1258 locum
763 1221 1043 1267 tractaverunt,
1082 1219 1122 1257 in
1149 1218 1313 1268 deflende
1339 1219 1639 1268 acquieverunt,
1677 1231 1778 1258 unus

341 1287 613 1326 tantummode
638 1286 901 1326 Baehrensius
929 1290 1180 1337 procreatum
1206 1299 1327 1336 genus
1354 1286 1511 1325 dicendi
1547 1291 1777 1337 aspernatus

340 1355 461 1395 aliam
489 1356 592 1394 viam
619 1356 833 1405 ingressus,
860 1355 979 1394 aliam
1007 1367 1142 1394 versus
1166 1354 1333 1394 formam
1359 1355 1562 1406 amplexus
1590 1358 1659 1405 est,
1689 1368 1779 1394 cum

342 1437 367 1462 a
392 1423 591 1463 Vossiano
617 1422 817 1472 profectus
844 1423 900 1461 sic
927 1422 1046 1461 verba
1074 1422 1335 1461 conformaret

560 1490 710 1541 perfide
736 1489 999 1541 Demophoon
1026 1490 1040 1528 i
1067 1503 1170 1528 nunc
1197 1489 1438 1539 defendeque
1465 1489 1551 1528 vela

341 1571 582 1608 quamquam
606 1557 721 1597 valde
739 1558 889 1607 dubito,
918 1571 1013 1596 num
1032 1557 1119 1606 quis
1138 1558 1239 1596 hanc
1257 1557 1521 1596 coniecturam
1541 1558 1779 1608 probaturus

340 1627 402 1675 sit,
430 1639 477 1665 ac
494 1639 543 1665 ne
556 1625 589 1677 1)
609 1625 774 1665 Ellisius
795 1626 965 1676 quidem,
986 1626 1054 1675 qui
1072 1625 1298 1674 ceteroquin
1320 1624 1401 1663 eius
1421 1624 1608 1664 iudicium
1625 1625 1778 1674 laudat,

339 1706 522 1733 assensus
564 1697 634 1734 est.
688 1693 767 1734 Sed
807 1694 927 1732 missa
968 1692 1158 1732 faciamus
1191 1693 1303 1747 haec.
1354 1692 1396 1731 A
1429 1691 1616 1743 Scaligeri
1656 1692 1778 1742 igitur

342 1762 615 1801 emendatione
636 1761 709 1801 viri
728 1761 834 1801 docti
853 1762 1050 1812 progressi
1072 1763 1281 1812 praecipue
1309 1761 1627 1801 antecedentibus
1650 1760 1778 1800 verbis

722 1830 786 1868 cui
808 1829 1066 1880 Demophoon
1094 1832 1254 1868 aeterna
1283 1828 1442 1882 reliquit

495 1896 701 1948 perfidiam
727 1897 967 1936 lamentandi
997 1897 1101 1936 mala
1129 1896 1281 1947 perfida
1307 1896 1442 1935 multis

338 1966 490 2004 animos
535 1966 801 2004 attenderunt.
876 1965 1007 2003 Fuere
1056 1965 1124 2014 qui
1173 1967 1391 2003 statuerent
1435 1963 1586 2014 perfida
1636 1964 1777 2010 multis,

339 2034 484 2085 quippe
532 2046 632 2084 quae
677 2033 728 2072 ad
778 2033 1002 2083 Phyllidem
1052 2035 1292 2084 spectarent,
1345 2045 1370 2071 a
1414 2032 1511 2071 serie
1554 2044 1683 2071 rerum
1731 2044 1778 2071 ac

339 2102 612 2152 descriptionis
653 2101 778 2151 magis
820 2101 949 2139 aliena
993 2113 1076 2139 esse
1117 2113 1236 2149 quam
1277 2102 1325 2137 ut
1358 2099 1641 2149 tolerarentur,
1684 2101 1778 2149 quia

338 2183 416 2209 non
436 2170 561 2209 solum
589 2168 777 2220 perfidiae
797 2169 992 2220 Phyllidis
1016 2168 1163 2207 mentio
1191 2181 1280 2207 cum
1308 2166 1468 2207 consilio
1496 2170 1636 2219 poetae
1659 2167 1776 2219 plane

337 2241 542 2289 pugnaret,
580 2237 649 2277 sed
685 2238 814 2288 etiam,
851 2241 1050 2287 utcunque
1076 2235 1299 2275 miseranda
1329 2235 1488 2286 virginis
1521 2235 1683 2275 fortuna
1713 2236 1777 2275 de-

339 2307 588 2356 scriberetur,
626 2306 757 2346 omnia
794 2305 947 2346 silentio
975 2304 1237 2357 praetermitti
1263 2316 1420 2344 necesse
1447 2307 1559 2354 esset,
1597 2316 1699 2354 quae
1725 2303 1777 2343 ad

338 2376 502 2427 gloriam
531 2376 613 2414 eius
642 2375 927 2414 obscurandam
953 2374 1138 2413 valerent.
1193 2373 1410 2423 Propterea
1437 2373 1604 2412 maxime
1640 2372 1681 2411 in
1716 2371 1778 2411 his

338 2444 464 2483 verbis
495 2443 791 2498 haesitaverunt
817 2445 878 2492 et,
915 2455 1004 2481 cum
1029 2441 1068 2480 in
1096 2441 1297 2480 enuntiato
1326 2453 1465 2480 nomen
1491 2440 1653 2491 virginis
1679 2440 1777 2479 desi-

337 2512 541 2561 derarent,
581 2524 652 2562 pro
686 2510 833 2561 perfida
869 2511 999 2549 multis
1035 2508 1282 2549 scribendum
1323 2520 1406 2548 esse
1437 2508 1592 2560 perdita
1630 2507 1778 2559 Phyllis

424 2595 451 2636 ²)
473 2595 534 2628 the
554 2594 689 2627 americ,
708 2594 822 2636 journ.
846 2593 886 2626 of
902 2593 987 2635 phil.
1010 2593 1093 2625 1882
1114 2603 1148 2634 Ρ.
1172 2593 1245 2625 276.
