1988 2992
304 302 494 342 cultatem
526 306 668 353 poetae
703 304 904 354 propriam
940 303 1150 342 dictionem
1187 303 1418 342 restituendi
1452 304 1622 355 positam
1662 307 1745 343 esse

305 371 552 410 clamitantes
584 372 770 426 Vossiani
803 370 980 410 fautores
1017 371 1161 410 bonam
1198 374 1238 409 et
1272 371 1468 421 integram
1508 372 1744 422 scripturam

304 442 526 476 ceterorum
540 438 733 476 librorum
758 439 924 476 reiciunt
951 442 990 476 et
1017 450 1066 476 ex
1091 450 1215 488 prava
1241 438 1436 477 coniciunt
1456 451 1599 488 vocem,
1628 451 1741 489 quae,

305 507 378 546 etsi
395 506 539 546 litteris
562 506 719 545 traditis
741 506 875 545 similis
894 509 965 555 est,
993 509 1136 554 tamen,
1156 519 1251 544 num
1270 507 1460 545 connexui
1479 520 1610 546 rerum
1632 508 1743 546 satis-

303 573 425 612 faciat
450 577 521 611 aut
548 574 807 612 vetustiorum
837 573 954 612 verbo
982 573 1158 623 superior
1185 574 1247 622 sit,
1285 585 1362 611 non
1389 577 1541 615 curant.
1597 573 1676 613 Sed
1710 574 1744 613 si

305 642 393 691 quis
421 655 545 691 aeque
574 655 620 680 ac
647 642 795 681 sincere
830 645 870 680 et
903 642 1011 680 illam
1048 645 1088 680 et
1118 641 1220 680 hanc
1257 654 1390 680 vocem
1422 642 1629 692 ponderet,
1665 654 1743 680 non

304 722 460 758 vereor,
494 722 563 758 ne,
592 714 684 748 utra
720 710 984 759 praestantior
1014 710 1083 758 sit,
1111 709 1288 746 haesitet.
1343 708 1434 746 Non
1461 709 1547 747 dico
1582 709 1630 746 de
1656 720 1743 746 con-

304 789 420 815 sensu
466 776 643 815 codicum
679 778 782 816 tetris
827 777 1112 826 exhibentium,
1155 789 1233 815 non
1279 776 1328 815 de
1364 780 1459 826 apta
1496 780 1536 815 et
1576 776 1627 815 ad
1660 789 1743 815 rem

303 844 446 882 idonea
464 844 632 883 dictione
650 845 825 894 tetri3,.id
847 845 963 883 modo
990 856 1246 883 commemoro
1264 843 1495 882 Baehrensii
1521 844 1743 882 coniectura

303 912 411 950 certis
446 911 663 962 elegantem
701 915 739 951 et
775 916 979 952 venustam
1015 912 1296 963 oppositionem
1329 911 1540 951 verborum
1579 911 1743 951 iocunda

303 981 422 1030 quiete
443 983 483 1018 et
507 981 611 1018 tetris
636 979 816 1030 cladibus,
844 993 946 1030 quae
973 992 1051 1018 non
1074 980 1190 1019 modo
1218 980 1378 1019 consilio
1404 992 1482 1019 non
1508 979 1741 1030 refragatur,

303 1059 439 1085 verum
462 1047 581 1086 etiam
607 1060 631 1086 a
657 1051 775 1097 poeta
802 1047 979 1087 consulto
1008 1046 1147 1087 effecta
1173 1060 1256 1087 esse
1282 1047 1447 1097 videtur,
1476 1047 1684 1098 depravari
1702 1051 1741 1086 et

303 1114 481 1154 funditus
510 1115 608 1164 tolli,
637 1115 781 1154 nedum
808 1115 1017 1154 emendari.
1073 1115 1268 1165 Equidem
1296 1115 1405 1154 nullo
1435 1115 1521 1154 loco
1549 1115 1741 1154 confiden-

303 1183 384 1222 tius
411 1196 531 1232 quam
551 1183 625 1222 hoc
652 1184 919 1232 quaestionem
946 1183 995 1222 de
1017 1183 1288 1233 discrepantiis
1313 1183 1370 1221 ita
1395 1183 1546 1233 dirimo,
1574 1186 1619 1222 ut
1638 1184 1741 1221 tetris

301 1251 511 1300 genuinam
546 1263 630 1289 esse
666 1251 921 1300 scripturam,
960 1252 1067 1289 cetris
1102 1255 1253 1300 autem,
1290 1264 1380 1290 cum
1407 1264 1428 1290 c
1464 1256 1504 1290 et
1537 1255 1555 1290 t
1589 1251 1741 1290 litteras

301 1319 528 1368 saepissime
555 1319 656 1357 inter
683 1331 724 1357 se
756 1322 999 1369 permutatas
1028 1331 1112 1358 esse
1147 1318 1392 1368 exploratum
1419 1319 1479 1368 sit,
1508 1331 1556 1357 ex
1581 1319 1741 1368 propria

301 1388 405 1425 tetris
432 1386 612 1425 socordia
637 1387 788 1425 scribae
816 1386 1052 1435 descriptam
1079 1398 1162 1425 esse
1188 1386 1431 1425 contendam.

405 1454 574 1492 Etiamsi
600 1453 777 1504 singulas
803 1453 1045 1504 singulorum
1067 1453 1256 1493 librorum
1283 1454 1497 1503 scripturas
1517 1457 1645 1493 mente
1658 1466 1740 1493 non

301 1527 589 1571 praeoccupata
615 1522 885 1571 perpensitare
911 1522 959 1560 de
986 1523 1110 1570 iisque
1134 1522 1174 1560 in
1202 1525 1410 1570 utramque
1436 1526 1589 1570 partem
1616 1535 1740 1571 aeque

301 1589 506 1638 disputare
533 1590 573 1627 in
599 1589 727 1627 animo
755 1588 889 1637 habui,
927 1592 1057 1628 tamen
1094 1588 1223 1627 studio
1251 1587 1428 1627 ablatum
1459 1600 1739 1638 nonnunquam

301 1670 364 1696 1116
391 1661 524 1706 partes
550 1670 628 1696 non
654 1658 711 1696 ita
738 1661 783 1696 ut
813 1657 919 1695 volui
945 1657 1067 1706 egisse
1095 1655 1290 1705 confiteor,
1326 1657 1437 1695 cuius
1462 1657 1612 1706 peccati
1637 1670 1739 1695 nunc

301 1737 325 1761 a
351 1724 546 1762 benevolis
574 1724 767 1762 iudicibus
791 1724 954 1771 veniam,
983 1724 1015 1761 si
1040 1735 1142 1771 quae
1163 1726 1304 1771 potest,
1331 1723 1418 1761 dari
1441 1724 1554 1772 cupio
1579 1727 1618 1762 et
1643 1724 1738 1761 data

299 1803 535 1841 magnopere
561 1790 751 1840 laetabor,
780 1803 870 1829 cum
893 1803 1045 1840 semper
1068 1790 1141 1829 sibi
1167 1794 1346 1829 constare
1371 1791 1578 1841 praecipue
1604 1791 1736 1830 tironi-

300 1858 375 1897 bus
401 1858 675 1897 difficillimum
710 1871 795 1897 esse
831 1871 943 1896 nemo
981 1859 1030 1896 sit
1063 1859 1131 1907 qui
1158 1859 1318 1896 nesciat.
1373 1858 1461 1896 Iam
1489 1858 1671 1896 Bembini
1699 1863 1737 1897 et

296 1926 631 1976 Cantabrigiensis
658 1926 827 1977 pretium
855 1930 894 1965 et
922 1926 1196 1965 auctoritatem
1224 1925 1357 1966 stabili
1384 1924 1637 1965 fundamento
1664 1913 1735 1964 im-

294 1996 472 2045 posuisse
500 1999 538 2033 et
564 1995 613 2033 de
641 1994 828 2049 Vossiani
856 1994 1110 2044 praestantia,
1139 2007 1241 2043 quae
1267 1995 1436 2043 primum
1463 2007 1487 2032 a
1515 1994 1735 2034 Schradero

295 2061 524 2112 significata,
560 2066 645 2100 tum
672 2075 697 2100 a
723 2061 964 2100 Baehrensio
991 2062 1032 2099 in
1059 2065 1169 2100 textu
1197 2061 1406 2100 statuendo
1431 2061 1637 2100 observata
1664 2065 1733 2110 est,

294 2143 478 2180 magnam
502 2133 656 2179 partem
683 2129 782 2168 adeo
807 2129 1023 2168 detraxisse
1049 2129 1144 2167 mihi
1172 2129 1316 2178 videor,
1348 2133 1394 2168 ut
1419 2129 1535 2167 huius
1562 2130 1733 2168 muneris

294 2198 419 2236 critici
446 2196 564 2235 finem
589 2196 716 2236 facere
738 2197 895 2246 possim.
941 2196 1133 2235 Attamen
1151 2200 1197 2235 ut
1223 2197 1432 2246 aequitatis
1458 2200 1591 2246 partes
1617 2197 1734 2247 plane

295 2265 519 2314 sustineam,
549 2264 755 2303 nonnullos
782 2264 887 2302 locos
906 2267 1147 2313 pertractare
1166 2277 1264 2314 opus
1288 2268 1358 2314 est,
1388 2264 1436 2303 de
1464 2264 1608 2313 quibus
1638 2265 1733 2314 quid

293 2332 547 2372 iudicandum
575 2333 625 2371 sit
654 2336 693 2371 et
719 2331 814 2370 mihi
841 2331 1005 2370 dubium
1032 2335 1092 2371 est
1119 2335 1157 2371 et
1182 2332 1311 2371 nescio
1332 2344 1383 2370 an
1409 2331 1493 2370 ulla
1518 2330 1615 2371 fides
1642 2332 1732 2371 inde

295 2400 345 2440 ad
372 2400 613 2441 Vossianum
639 2400 844 2439 redundet.
890 2400 992 2439 Dico
1013 2404 1092 2439 tres
1111 2399 1216 2439 locos
1239 2413 1294 2439 vs.
1315 2402 1482 2449 20—-21,
1513 2401 1731 2449 148—149,

294 2471 514 2518 311—312,
560 2469 628 2518 qui
665 2468 828 2507 forsitan
860 2471 966 2507 recte
1004 2467 1054 2506 ab
1081 2467 1198 2506 huius
1226 2467 1368 2506 codicis
1395 2466 1615 2506 fautoribus
1652 2467 1731 2506 obi-

294 2538 460 2576 ciantur.
517 2537 676 2576 Etenim
703 2549 805 2586 quae
831 2535 1094 2575 Baehrensius
1130 2536 1170 2573 in
1204 2534 1327 2584 praef.
1354 2549 1392 2584 p.
1419 2534 1490 2573 IX
1518 2535 1730 2584 annotavit,

294 2617 341 2643 ea
360 2604 411 2643 ad
432 2608 674 2655 argumenta,
703 2616 805 2654 quae
825 2603 955 2642 adhuc
974 2602 1101 2653 attuli,
1128 2602 1375 2654 infringenda
1391 2602 1532 2642 idonea
1549 2615 1627 2642 non
1647 2614 1731 2642 esse
