1988 2992
740 173 1000 210 -11-

159 272 353 323 Handius,
383 273 542 324 provida
567 272 716 326 Phyllis
750 274 926 326 8111131113
962 279 1204 315 03113113111111.
1257 276 1399 326 Neque
1430 277 1481 316 ab
1513 277 1588 317 hac

160 341 339 393 opinione
356 340 557 392 Hauptius
580 342 751 397 recessit,
777 343 844 393 qui
862 342 1019 383 illorum
1042 344 1205 395 vestigia
1223 356 1400 395 premens
1425 346 1587 396 scriptu-

158 422 223 448 ras
249 412 289 447 et
317 408 459 459 Silligii
479 410 641 459 provida
668 409 815 460 Phyllis
849 414 887 449 et
913 411 1051 450 Βο11111
1078 413 1175 450 male
1199 424 1273 461 pro
1298 412 1402 482 mala
1428 413 1585 463 recepit,

159 479 205 515 ut
231 475 331 516 hanc
358 489 490 516 versus
517 476 862 517 conformationem
890 477 1060 526 efficeret

601 545 664 583 cui
691 544 924 596 Demophon
952 549 1113 585 aeterna
1140 546 1300 596 reliquit

312 581 475 662 perfidia
501 612 672 652 lamenta
698 612 791 662 doli,
817 613 919 653 111313
941 612 1105 664 provida
1131 612 1295 663 Phyllis.

261 679 431 719 Prorsus
457 680 571 720 aliter
596 680 645 719 de
672 680 746 720 hoc
771 681 856 720 1000
875 681 1137 721 Baehrensius
1163 681 1349 720 iudicavit
1367 694 1437 720 nec
1454 685 1587 720 tamen

156 747 198 786 111
224 746 423 787 codicibus
449 747 637 798 substitit,
663 748 780 787 immo
809 748 926 788 verba
952 749 1010 788 ita
1038 748 1202 788 mutavit

600 816 664 855 cui
690 816 948 867 Demophoon
974 820 1132 857 aeterna
1158 816 1318 867 reliquit

312 882 515 933 perfidiam
548 884 779 923 lamentanti
813 883 917 923 mala
957 883 1118 935 (perfide
1153 883 1319 922 multum

311 950 459 1000 perfide
484 950 777 1002 Demophoon
765 965 779 990 1
803 965 904 991 nunc
927 951 1169 1003 defendeque
1196 952 1282 991 vela
1293 951 1319 1003 ¹)

261 1015 326 1056 Sic
352 1016 431 1056 fere
466 1019 537 1057 viri
573 1019 679 1058 docti
715 1016 785 1058 hos
812 1032 943 1058 versus
971 1022 1269 1070 temptaverunt.
1324 1018 1384 1056 At
1413 1017 1480 1067 qui
1507 1029 1584 1054 non

155 1084 275 1123 verba
305 1088 470 1134 tantum,
508 1087 575 1125 sed
602 1079 793 1126 naturam*
811 1100 966 1138 quoque
992 1087 1183 1127 librorum
1220 1090 1258 1125 et
1289 1088 1428 1136 poetae
1463 1096 1583 1135 genus

156 1152 309 1190 dicendi
335 1153 559 1203 inspexerit,
595 1155 804 1203 dubitabit,
838 1168 956 1205 quam
991 1158 1095 1193 recte
1130 1154 1249 1192 verba
1276 1152 1511 1191 mutaverint
1545 1155 1585 1189 et

155 1220 317 1260 alterius
348 1234 480 1260 versus
517 1235 565 1261 ne
601 1236 721 1261 unum
757 1222 915 1272 quidem
950 1223 1145 1273 integrum
1179 1220 1420 1272 reliquerint.
1478 1218 1584 1259 Nam

155 1288 216 1327 vel
242 1289 368 1340 primo
398 1289 540 1329 obtutu
566 1294 729 1341 apparet
755 1291 856 1330 hanc
884 1291 1114 1330 emendandi
1138 1290 1329 1329 rationem
1364 1288 1461 1327 nihil
1488 1288 1585 1327 certi

153 1356 194 1395 in
213 1369 255 1396 se
272 1357 416 1397 habere
442 1371 512 1398 nec
538 1371 607 1409 per
634 1371 675 1398 se
698 1358 907 1399 admodum
932 1358 1136 1410 probabile
1164 1371 1259 1408 esse,
1286 1357 1404 1396 immo
1430 1356 1482 1396 ad
1503 1369 1584 1395 car-
1655 1360 1659 1363 ’

154 1437 243 1463 111311
270 1424 561 1475 depravandum
582 1430 759 1476 spectare
785 1431 823 1465 et
849 1430 988 1477 poetae
1006 1426 1193 1477 peculiari
1217 1426 1383 1465 sermoni
1400 1424 1583 1480 tenebras

154 1491 366 1531 offundere.
421 1492 510 1543 Qua
537 1493 585 1532 de
612 1494 760 1533 incerta
786 1494 849 1533 via
876 1498 922 1533 ut
945 1494 1180 1535 decedamus
1208 1494 1584 1542 fundamentumque

154 1560 293 1599 stabile
319 1561 597 1611 disputationis
623 1562 832 1611 iaciamus,
868 1576 892 1601 a
928 1562 1127 1601 codicibus
1163 1561 1256 1601 solis
1289 1560 1585 1612 progrediamur

153 1632 315 1679 oportet.
370 1628 506 1669 Verba

308 1697 502 1747 posterius
530 1697 593 1737 cui
619 1696 881 1748 Demophoon
908 1700 1070 1737 aeterna
1095 1697 1254 1747 reliquit

309 1764 513 1816 perfidiam
540 1765 782 1805 lamentandi
804 1765 910 1805 mala
925 1796 934 1805 .
950 1796 959 1805 .
976 1796 985 1805 .

151 1833 310 1883 plenum
342 1833 588 1872 enuntiatum
621 1833 811 1872 efficiunt:
852 1835 1072 1872 continetur
1107 1833 1336 1883 primarium
1373 1833 1589 1872 membrum

151 1900 269 1939 verbo
295 1902 479 1951 posterius
506 1904 545 1940 et
567 1914 613 1941 ea
638 1914 742 1950 voce,
769 1914 870 1951 quae
895 1900 1115 1941 necessario
1142 1913 1190 1940 ex

309 1969 505 2019 posterius
529 1969 590 2008 cui
616 1969 878 2019 Demophoon
895 1999 904 2008 .
921 1999 930 2009 .
950 1999 958 2008 .
986 1969 1146 2019 reliquit

153 2036 375 2088 suppletur,
417 2036 443 2076 i.
481 2050 513 2076 e.
550 2041 621 2087 est,
658 2041 704 2077 ut
740 2037 976 2088 accipiamus
1011 2037 1194 2088 posterius
1230 2040 1281 2075 est
1312 2048 1356 2074 ea
1391 2048 1440 2075 sc.
1472 2037 1587 2088 viv-90,

151 2106 213 2142 cui
229 2134 238 2142 .
258 2134 267 2142 .
284 2134 311 2153 .,
351 2117 452 2154 quae
480 2108 677 2144 structura
705 2105 932 2144 addubitari
957 2118 1036 2144 non
1075 2108 1226 2154 potest,
1262 2117 1353 2143 nam
1390 2104 1588 2154 subsequi-

151 2175 217 2211 tur
258 2171 506 2211 enuntiatum
541 2172 748 2213 relativum
793 2174 855 2212 cui
897 2171 938 2210 D
954 2201 963 2211 .
980 2202 989 2211 .
1006 2201 1015 2211 .
1058 2172 1230 2224 reliquit,
1278 2175 1323 2210 ut
1358 2171 1469 2211 nulla
1508 2184 1587 2210 am-

150 2239 322 2290 biguitas
357 2240 449 2279 huic
484 2240 780 2280 conformationi
819 2254 955 2281 revera
995 2240 1132 2280 subsit.
1197 2238 1498 2280 Concedendum
1531 2243 1589 2278 est

151 2321 240 2365 1310
275 2321 353 2347 11011
387 2312 590 2348 venustam
625 2322 707 2349 esse
742 2309 863 2349 talem
898 2308 1129 2358 dictionem,
1166 2308 1254 2358 sed,
1291 2311 1587 2358 utcunque-est,

151 2389 249 2426 eam,
280 2389 383 2427 quae
415 2390 492 2416 non
525 2377 639 2416 modo
674 2377 874 2428 toleretur,
911 2390 1045 2417 verum
1084 2378 1202 2417 etiam
1229 2377 1312 2416 sola
1343 2376 1455 2435 libris
1488 2389 1588 2416 com—

151 2444 336 2484 mendata
379 2444 631 2484 fundamento
685 2446 798 2497 quasi
840 2459 888 2485 ac
936 2446 1018 2485 solo
1073 2446 1232 2484 nitatur.
1307 2444 1466 2483 Etenim
1510 2444 1585 2483 nisi

150 2512 266 2552 fallor
304 2514 446 2552 rectius
485 2512 623 2552 rudem
654 2516 695 2552 et
729 2513 970 2553 inconditum
1005 2526 1220 2553 sermonem
1256 2513 1463 2564 praecipue
1495 2506 1587 2553 huic

149 2584 289 2630 poetae
323 2580 569 2620 obtrudimus
606 2593 725 2633 quam
751 2585 936 2632 vagantes
969 2581 1123 2631 longius
1155 2594 1274 2632 quam
1310 2581 1402 2621 licet
1427 2596 1452 2621 a
1478 2581 1589 2621 libris
