1988 2992
768 215 1031 252 —31-

186 314 375 354 existimo.
415 313 665 365 Quamquam
685 328 733 355 ne
750 317 1128 366 praetermittantur,
1150 317 1285 366 paucis
1299 329 1402 355 nunc
1418 317 1621 366 attingam,

187 382 317 432 agitur
342 382 392 421 de
418 395 474 422 vs.
503 385 592 432 362,
620 395 735 432 quem
762 382 980 425 Vossianus
1006 385 1063 423 sic
1087 384 1209 424 tradit

342 459 406 498 hic
432 463 471 499 et
497 459 603 499 fama
628 463 740 500 vetus
767 474 970 511 nunquam
996 462 1186 500 moritura
1212 461 1363 501 Metelli

187 538 282 576 dum
306 538 523 577 Bembinus
551 543 590 578 et
616 539 953 589 cantabrigiensis
979 539 1169 589 praebent
1203 553 1310 578 mora
1334 540 1447 588 melli,
1480 538 1622 588 quibus

188 603 236 643 de
271 603 398 643 verbis
433 603 558 643 editor
594 604 692 645 haec
727 607 977 657 excogitavit:
1018 606 1231 655 „moritura
1256 605 1428 645 Metelli“
1467 605 1539 657 (sic
1565 604 1623 656 V)

189 671 286 711 abiit
311 672 351 710 in
379 672 604 722 apographo
630 673 670 712 in
700 687 833 722 „mora
856 674 984 713 melli“
1011 674 1130 726 (Bo),
1161 674 1267 724 quod
1299 674 1392 723 quia
1416 672 1622 712 emendare

190 738 350 788 nesciit,
387 738 547 789 reliquit
582 740 874 791 interpolator.“
931 741 996 781 Sic
1029 740 1312 789 Baehrensius;
1347 741 1415 779 sed
1450 740 1545 789 quid
1580 752 1622 777 re

188 806 409 855 diligentius
436 807 716 857 circumspecta
749 809 799 848 de
834 809 908 848 hoc
945 795 1030 848 loco
1058 808 1314 848 statuendum
1340 809 1401 858 sit,
1439 820 1621 847 versuum

188 876 228 912 et
254 873 564 913 antecedentium
591 878 631 914 et
657 877 904 926 sequentium

343 953 406 992 hic
432 953 551 992 Fabii
576 953 781 1004 Deciique,
808 954 872 994 hic
900 958 958 993 est
985 958 1024 993 et
1050 953 1248 994 Gracchia
1271 954 1406 1004 virtus,

342 1020 406 1060 hic
432 1024 472 1060 et
497 1020 604 1060 fama
629 1025 740 1060 vetus
767 1034 969 1072 nunquam
993 1034 1103 1061 mora
1129 1021 1236 1061 melli

344 1087 506 1128 Curtius
534 1093 573 1128 et
592 1119 601 1129 .
622 1119 631 1128 .
655 1119 663 1128 .
685 1118 694 1128 .

189 1167 385 1205 sententia
411 1154 582 1206 dilucide
612 1168 858 1217 perspicitur,
892 1179 1012 1217 quam
1038 1168 1072 1206 si
1098 1168 1185 1217 quis
1213 1179 1344 1206 secum
1369 1170 1535 1215 reputet,
1564 1166 1620 1205 fae

189 1233 262 1272 cile
290 1235 507 1284 suspicetur
541 1234 687 1275 nullius
722 1234 869 1274 laboris
898 1247 982 1274 esse
1007 1235 1178 1285 potuisse
1206 1235 1389 1284 cuiquam
1414 1233 1554 1272 litteris
1581 1238 1620 1273 et

188 1302 351 1341 historia
374 1301 644 1341 Romanorum
678 1302 828 1342 imbuto
853 1306 1003 1342 rectam
1030 1303 1264 1352 scripturam
1301 1301 1492 1349 invenire3
1526 1302 1620 1350 quin

189 1370 307 1408 etiam
331 1368 454 1408 simile
479 1369 698 1419 exemplum
719 1369 854 1419 paullo
872 1369 975 1409 infra
994 1383 1029 1409 v.
1050 1372 1126 1409 370
1145 1362 1346 1419 habemus,
1374 1368 1443 1408 ubi
1462 1369 1620 1410 Vossia-

188 1449 268 1488 nus-
290 1436 566 1487 Scipiadasque,
604 1449 703 1486 quas
738 1437 891 1476 litteras
917 1436 1119 1487 Hauptius
1147 1441 1251 1475 recte
1284 1437 1325 1475 in
1353 1435 1416 1474 Sci
1449 1437 1456 1445 ‘
1575 1449 1620 1474 ue

188 1505 376 1553 correxit,
413 1504 576 1554 praebet
614 1517 685 1554 pro
726 1505 890 1544 lectione
924 1505 1188 1554 antiquiorum
1226 1504 1416 1543 librorum
1449 1503 1620 1543 Istamm

185 1570 413 1621 piadasque;
440 1571 508 1608 sed
536 1570 781 1609 nihilosecius
810 1572 924 1610 valde
953 1571 1117 1609 dubium
1140 1576 1210 1620 est,
1236 1585 1330 1609 num
1352 1571 1441 1609 hinc
1469 1572 1620 1620 integer

188 1638 306 1678 iudex
345 1638 402 1678 ffli
442 1637 565 1677 codici
606 1638 728 1677 ullam
765 1639 1045 1689 praestantiam
1085 1638 1258 1678 tribuere
1301 1642 1512 1677 conaturus
1557 1638 1617 1677 sit.

189 1705 314 1743 Immo
348 1706 502 1744 duobus
537 1706 645 1744 libris
677 1707 845 1755 gratiam
869 1706 1082 1755 habemus,
1111 1707 1217 1755 quod
1250 1719 1474 1755 perversam
1502 1707 1619 1756 scrip-

187 1776 338 1823 turam,
386 1785 505 1823 quam
549 1773 816 1823 inveniebant,
857 1774 1006 1823 integre
1043 1772 1317 1822 reddiderunt,
1359 1784 1448 1810 cum
1486 1785 1533 1810 ex
1568 1785 1615 1810 ea

187 1853 320 1879 veram
352 1840 555 1880 enucleare
590 1853 706 1890 saepe
741 1840 855 1888 facile
888 1842 958 1891 sit,
996 1841 1197 1891 multoque
1232 1840 1356 1890 magis
1396 1840 1616 1890 laudamus,

188 1908 294 1958 quod
335 1920 410 1947 non
449 1908 613 1947 correcti
648 1920 731 1946 esse
766 1908 958 1948 videntur.
1014 1909 1229 1959 Propterea
1263 1920 1353 1946 cum
1378 1906 1617 1947 Baehrensio

188 1989 266 2016 non
292 1976 404 2027 facio,
434 1976 647 2027 quodhoc
671 1977 891 2028 exemplum
917 1977 969 2017 ad
994 1976 1208 2017 bonitatem
1228 1975 1426 2027 ‚Vossiani
1445 1988 1617 2026 compro-

188 2045 368 2083 bandam*
404 2048 539 2094 aptum
575 2048 756 2094 putatur:
815 2044 911 2084 Sed·
935 2045 1031 2084 haec
1038 2049 1068 2095 ,’
1090 2053 1191 2084 cum*
1218 2044 1319 2083 levia
1360 2045 1457 2093 sint,
1485 2046 1618 2083 'missa

187 2111 375 2151 faciamus
400 2116 439 2151 et
463 2124 712 2162 properemus
740 2112 790 2151 ad
816 2112 954 2152 dubios
980 2113 1098 2162 locos,
1126 2125 1292 2162 quorum
1319 2112 1467 2162 primus
1490 2116 1618 2151 exstat

187 2180 227 2218 in
250 2193 306 2219 vs.
335 2182 486 2219 20—21

343 2262 383 2297 et
408 2262 453 2297 tu
481 2262 616 2297 sancta
643 2257 761 2297 Pales
785 2258 836 2297 ad
863 2270 983 2308 quam
1008 2261 1172 2297 ventura
1195 2257 1359 2296 recurrit

344 2329 541 2376 agrestum
568 2326 671 2365 bona
698 2338 834 2365 secura
861 2326 911 2364 sit
935 2337 1032 2364 cura
1056 2328 1232 2364 tenentes

188 2409 243 2448 sic
269 2408 484 2449 Bembinus
520 2413 559 2448 et
586 2408 939 2460 cantabrigiensis,
976 2413 1113 2449 contra
1143 2408 1361 2450 Vossianus
1396 2421 1467 2458 pro
1505 2407 1616 2447 Pales

188 2476 344 2516 exhibet
367 2489 509 2527 parens
545 2480 583 2516 et
617 2490 688 2527 pro
720 2477 816 2516 bona
849 2490 980 2518 secura
1014 2502 1066 2507 —
1100 2476 1195 2516 bona
1224 2477 1368 2527 fetura.
1417 2475 1615 2525 Temptati

188 2548 280 2583 sunt
311 2544 353 2582 hi
386 2557 520 2583 versus
557 2545 607 2584 ab
645 2545 823 2585 omnibus
851 2546 1084 2595 editoribus,
1122 2546 1191 2595 qui
1218 2545 1285 2584 alii
1321 2543 1428 2584 aliud
1462 2543 1514 2582 ad
1549 2556 1614 2582 eos

186 2611 446 2653 restituendos
473 2612 788 2663 excogitaverunt
805 2625 876 2652 nec
893 2612 1165 2652 satisfecerunt
1181 2612 1319 2663 verbis,
1348 2624 1436 2651 cum
1463 2610 1615 2660 longius
